1882 2937
277 153 362 194 200
898 165 1144 193 APPENDICES

276 248 393 289 beati
415 247 596 288 Martini
611 247 817 302 precibus
841 247 895 288 ad
920 247 1140 301 agendam
1157 247 1477 302 poenitentiam
1498 249 1615 291 vitae
1637 266 1760 306 prae-

276 316 390 357 senti
446 315 682 356 redditum.
734 314 1034 366 Quamobrem
1086 314 1217 369 hujus
1266 316 1470 371 exemplo
1532 318 1760 373 provocati

276 384 456 440 quidam
485 383 797 424 canonicorum
831 384 1018 424 Sanctae
1062 383 1228 423 Mariae
1259 383 1485 424 saeculum
1509 384 1756 435 deseruere,

277 457 317 492 et
353 452 453 507 quia
491 451 535 491 in
568 451 720 491 eadem
752 450 932 491 civitate
967 450 1254 505 congregatio
1285 452 1603 493 monachorum
1638 453 1759 494 nulla

277 526 369 560 erat
387 520 392 546 ¹
412 519 526 559 —in
549 519 731 568 ccclesia
756 519 873 559 enim
899 518 1049 560 Sancti
1071 518 1190 559 Petri
1215 523 1257 559 ct
1274 518 1425 560 Sancti
1451 519 1599 560 Vitoni
1614 520 1761 562 clerici

277 586 604 637 deserviebant,
640 612 698 617 —-
724 586 902 627 Tullum
941 587 1121 642 petiere.
1151 591 1191 627 et
1226 586 1270 626 in
1308 587 1577 627 monasterio
1609 588 1761 629 Sancti

277 655 388 711 Apri
414 660 584 695 mutato
618 654 772 695 habitu
813 654 1038 695 saeculum
1069 654 1270 695 deserere
1301 660 1345 696 et
1374 655 1553 695 Christo
1580 655 1761 696 domino

276 723 562 779 incorporari.
594 728 642 763 ut
680 721 876 763 membra
905 722 1051 762 tidelia
1090 722 1240 778 capiti,
1275 722 1498 764 studuere.
1530 723 1653 772 Quae
1693 739 1761 764 res

280 792 473 832 maximo
499 796 591 832 erat
624 790 812 831 moerori
845 790 1071 846 pontilici:
1103 790 1327 830 canonicis
1367 806 1542 846 quoque
1575 791 1761 832 residuis

278 865 317 900 et
345 858 600 915 proceribus
628 858 798 915 populi.
845 858 944 913 quia
993 863 1196 913 optarent
1250 873 1324 898 eos
1360 858 1508 913 potius
1529 858 1570 898 in
1606 859 1760 900 eodem

279 927 468 967 militare
500 926 740 982 episcopio,
771 941 902 981 quam
929 926 983 966 ad
1007 925 1125 966 aliud
1155 925 1416 981 demigrare.
1451 925 1584 966 Bonis
1611 932 1761 967 tamen

279 1000 317 1035 et
350 994 650 1035 laudabilibus
687 1010 838 1034 eorum
873 993 1034 1035 studiis
1075 999 1117 1034 et
1150 994 1367 1049 exemplis
1402 994 1556 1048 religio
1585 995 1761 1049 regulae

280 1063 616 1107 monachorum.
657 1068 698 1103 et
742 1062 888 1102 servor
933 1061 1102 1102 ordinis
1135 1062 1179 1102 in
1227 1061 1382 1102 eodem
1410 1061 1624 1102 coenobio
1653 1068 1695 1103 et
1717 1063 1760 1103 in

279 1130 545 1188 quibusdam
571 1130 669 1171 aliis
700 1146 775 1186 per
804 1146 988 1185 regnum
1011 1130 1300 1170 Lotharienso
1327 1134 1568 1185 reparatur.
1590 1130 1761 1172 Interea

279 1214 460 1239 emenso
486 1214 600 1239 anno
632 1199 746 1239 ssoso
767 1198 900 1238 frater
925 1198 1040 1252 regis
1065 1213 1164 1238 cum
1189 1197 1396 1238 IIeinrico
1423 1202 1618 1253 pacatur.
1644 1204 1687 1240 et
1707 1198 1762 1240 ab

279 1284 328 1307 eo
376 1272 578 1322 receptus
614 1272 697 1307 cst.
781 1266 980 1306 {odulfus
1038 1281 1113 1305 rex
1173 1265 1381 1305 Franciae
1436 1269 1479 1305 et
1543 1265 1762 1307 Rodult'us

280 1351 354 1375 rex
383 1335 585 1375 jurensis
613 1349 713 1374 cum
742 1350 792 1374 eo
820 1334 1061 1374 amicitiam
1097 1333 1397 1388 paciscuntur.
1437 1333 1550 1373 Boso
1587 1349 1690 1374 vero
1719 1334 1762 1374 in

280 1403 560 1458 expeditione
595 1402 840 1442 obsidionis
877 1401 1009 1442 castri
1053 1401 1203 1442 Sancti
1237 1401 1438 1451 Quintini
1486 1401 1687 1453 moritur,
1721 1407 1763 1442 ct

283 1470 434 1511 llemis
462 1471 514 1510 ad
538 1471 752 1510 Sanctum
786 1469 1038 1525 Remigium
1068 1469 1294 1524 sepelitur.
1324 1469 1523 1522 Hungari
1560 1485 1635 1526 per
1656 1470 1763 1509 Bur-

282 1538 494 1593 gundiam
517 1538 842 1587 dill'unduntur,
883 1537 1074 1592 praediS.
1101 1536 1316 1577 incendiis
1347 1542 1389 1577 et
1414 1538 1640 1590 caedibus,
1675 1552 1763 1577 non

282 1607 357 1647 diu
381 1611 542 1655 tamen,
564 1604 823 1646 debacchati
845 1619 853 1650 ζ
884 1609 1111 1659 comperto
1138 1604 1318 1645 Rodulfi
1341 1604 1457 1659 regis
1485 1607 1695 1656 adventu.
1720 1605 1763 1645 in

69 1674 460 1722 „sm-,abbamltaliam
484 1677 773 1714 transmeant.
803 1673 975 1712 llerveo
991 1672 1199 1727 episcopo
1218 1671 1475 1719 decedente,
1503 1673 1765 1714 Romundus

127 1743 222 1772 Flav.

285 1741 368 1782 sul)
401 1740 593 1781 Rodulfo
627 1755 729 1795 rege
775 1739 1062 1780 substituitur
1082 1740 1158 1796 qui
1192 1739 1491 1781 Colticensem
1540 1740 1764 1782 abbatiam

283 1810 533 1852 destruens,
552 1808 746 1849 Colticas
759 1813 953 1848 castrum
970 1807 1208 1858 edificavit,
1225 1812 1268 1848 et
1283 1806 1527 1849 Curensem
1541 1808 1761 1859 similiter,

286 1878 675 1933 Petracpertusum
710 1875 940 1921 exstrusit.
992 1881 1034 1916 et
1072 1875 1175 1915 tiliis
1213 1880 1251 1915 et
1299 1875 1474 1916 filiabus
1520 1876 1613 1916 suis
1649 1875 1763 1916 bona

284 1945 599 1985 aecclesiarum
634 1950 677 1984 et
698 1948 840 1984 castra
867 1959 978 1999 quae
1007 1942 1169 1984 fecerat
1195 1943 1331 1983 dedit.
1374 1942 1456 1984 Hic
1502 1948 1601 1999 post
1625 1944 1764 1983 multa

285 2013 400 2053 mala
431 2017 641 2068 patrataa
667 2016 821 2052 sancto
847 2011 1039 2066 Georgio
1065 2010 1320 2066 flagellatus
1343 2010 1525 2051 interiit.

73 2094 295 2125 Clu-onstnv.
359 2081 492 2120 Anno
521 2079 575 2119 ab
604 2079 771 2120 incarn.
802 2078 1051 2127 D0n1.93(5,
1077 2093 1154 2119 rex
1176 2077 1396 2119 Rodulfus
1421 2079 1587 2134 absque
1614 2078 1764 2118 liberis

129 2145 227 2176 Flod.

287 2147 560 2201 defungitur.
590 2162 694 2187 nam
744 2146 998 2187 Ludovieus
1039 2146 1157 2187 tilius
1187 2145 1296 2201 ejus.
1333 2161 1465 2201 quem
1518 2145 1670 2187 habuit
1711 2160 1762 2186 ex

286 2216 444 2257 Emma
471 2215 640 2269 regina,
682 2219 784 2255 ante
839 2214 1009 2255 obitum
1046 2214 1185 2269 patris
1230 2219 1298 2254 est
1339 2213 1589 2255 defunctus.
1634 2213 1764 2268 Hugo

285 2283 479 2339 Magnus
506 2297 655 2323 comes
685 2288 805 2322 trans
828 2297 947 2322 mare
979 2282 1118 2323 mittit
1144 2297 1223 2338 pro
1247 2280 1530 2322 accersiendo
1555 2280 1610 2321 ad
1639 2279 1765 2335 regni

285 2351 453 2407 apicem
481 2350 706 2391 Ludovieo
732 2349 879 2391 Caroli
900 2349 1014 2391 tilio:
1037 2364 1169 2405 quem
1198 2364 1274 2389 rex
1294 2349 1544 2389 Alstannus
1571 2362 1766 2388 avuncu—

285 2418 354 2459 lus
382 2419 539 2475 ipsius,
570 2423 750 2473 accepto
767 2417 1057 2473 jurejurando
1077 2432 1097 2458 a
1128 2417 1399 2458 Francorum
1424 2415 1599 2470 legatis,
1625 2415 1764 2455 Fran-

286 2487 399 2527 ciam
423 2501 522 2527 cum
543 2486 807 2542 quibusdam
831 2486 1052 2541 episcopis
1074 2490 1116 2526 et
1134 2485 1232 2525 aliis
1253 2484 1460 2526 fidelibus
1482 2483 1573 2524 suis
1595 2482 1760 2538 dirigit.

287 2709 313 2738 G
329 2671 358 2698 l.
381 2668 636 2738 CIXSGestaxcp.
658 2667 756 2698 Vird.
783 2669 893 2705 cont..
910 2677 939 2697 c.
957 2670 973 2696 2
989 2676 995 2704 ς
1014 2667 1134 2697 Iohan.
1151 2666 1254 2696 Gorz.
1272 2666 1367 2704 Vita,
1384 2676 1413 2696 c.
1439 2667 1488 2702 21.
1504 2668 1541 2694 23
1560 2673 1635 2703 sqq.
1657 2663 1762 2702 (Mon.

317 2719 417 2740 erm..
461 2718 524 2739 cr..
613 2733 617 2738 .
