1794 2952
26 1171 50 1199 A
60 1170 195 1201 nnales.

82 1216 153 1242 920.

47 1262 133 1291 page
152 1256 178 1281 2.

81 2102 97 2132 I
107 2100 166 2130 his]

34 2152 139 2182 pages
161 2145 227 2171 3-5.

226 158 303 202 182
824 172 1070 199 APPENDICES

219 254 340 305 (lum,
368 267 508 308 nuper
532 252 732 308 I>Iungari
747 253 1117 308 comprehensum
1135 253 1355 294 trucidare
1377 253 1461 294 nisi
1478 259 1582 295 sunt
1601 267 1608 305 3
1629 254 1707 295 sed

219 336 501 378 nequaquam
526 320 845 361 ferroincidere
870 325 1127 376 potuerunt.
1154 321 1285 372 Nam,
1306 327 1355 362 ut
1376 321 1492 362 idem
1518 321 1652 362 refert
1665 326 1708 363 et

219 388 423 430 nonnulli
442 388 605 444 captivi
622 388 697 444 qui
714 388 931 438 viderant,
958 388 1124 429 reversi
1142 404 1258 429 nunc
1275 404 1451 445 quoque
1467 394 1705 440 testantur,

219 457 325 498 dum
351 456 527 510 sagittis
555 471 655 496 eum
687 457 856 497 nudum
885 456 1082 512 undique
1117 456 1290 497 barbari
1318 457 1551 512 petissent,
1576 462 1625 498 ut
1653 457 1708 498 ab

221 524 455 566 adamante
486 523 658 576 relisae,
695 524 758 565 sic
789 523 843 564 ab
868 524 964 580 ejus
994 523 1249 565 resiliebant
1286 540 1468 581 corpore
1499 525 1704 580 sagittae,

221 608 300 633 nec
321 592 497 647 signum
521 592 634 632 ictus
655 592 798 632 ullum
818 592 914 647 ejus
939 591 1179 648 apparebat
1198 592 1240 632 in
1267 597 1365 633 cute
1384 609 1394 645 ;
1417 593 1493 633 sed
1516 597 1559 634 et
1589 592 1709 633 omni

221 665 383 701 conatu
411 659 559 713 gladio
596 675 849 715 percussus,
882 660 1172 700 nihilominus
1202 660 1365 701 mansit
1397 660 1704 702 intemeratus,

220 728 346 770 L'nde
376 733 418 768 et
439 727 570 768 deum
600 743 696 768 esse
724 728 922 768 dieentes
951 743 1068 779 eum,
1094 728 1317 770 duxerunt
1339 728 1517 769 reveriti
1539 743 1706 780 secum,

220 796 358 837 donec
382 796 638 851 redemptus
665 812 688 837 a
716 795 906 851 quodam
933 796 1157 851 episcopo,
1180 801 1311 852 atque.
1334 796 1545 837 dimissus
1562 812 1709 837 rever-

223 864 342 905 titur.

367 1029 457 1070 an.
500 1028 573 1080 IV,
605 1042 639 1071 εἰ,
672 1043 744 1069 xv.
778 1043 829 1069 DE
864 1042 1009 1069 CAlel
1046 1042 1164 1069 instas
1200 1042 1557 1070 srs‘rnxrxrioxss.

281 1158 493 1215 Sequenti
528 1174 631 1199 vero
663 1174 794 1204 anno,
832 1174 930 1198 cum
968 1174 1077 1213 pene
1109 1159 1256 1199 cuncti
1294 1159 1563 1199 Francorum
1598 1158 1712 1215 opti-

223 1235 363 1270 mates
385 1229 501 1285 apud
530 1229 683 1270 urbem
716 1230 1028 1269 Suessonieam
1055 1244 1077 1269 a
1111 1244 1211 1283 rege
1244 1245 1324 1269 suo
1352 1230 1513 1270 lx'arolo
1542 1229 1711 1270 descis-

221 1302 389 1344 centes,
421 1302 601 1353 propter
636 1298 928 1350 Ilaganonem
967 1297 1270 1338 consiliarium
1302 1313 1447 1349 suum,
1486 1313 1618 1353 quem
1655 1297 1709 1338 de

220 1364 518 1405 mediocribus
560 1365 749 1405 electum
792 1380 925 1420 snper
958 1380 1112 1405 omnes
1153 1365 1375 1421 principes
1412 1364 1617 1406 audiebat
1668 1369 1710 1405 et

220 1432 478 1476 honorabat.
507 1448 605 1473 enm
636 1433 812 1488 penitus
845 1433 1143 1488 reliquissent,
1181 1433 1248 1473 bic
1274 1433 1471 1488 pontifex
1503 1433 1646 1473 tidelis
1670 1437 1713 1473 et

220 1501 318 1556 pius
350 1506 481 1556 atque
522 1501 731 1541 robustus
769 1501 810 1540 in
847 1501 1055 1556 perieulis
1089 1516 1263 1556 semper
1300 1501 1511 1550 existens,
1563 1515 1711 1555 regem

220 1568 468 1623 intrepidus
484 1568 537 1608 ab
556 1568 710 1608 eodeni
734 1569 829 1608 loco
846 1568 1108 1623 suscipiens,
1128 1569 1180 1608 ad
1200 1574 1414 1609 metatum
1432 1583 1558 1608 suum
1577 1567 1713 1608 dedu-

221 1636 304 1682 cit:
335 1635 525 1691 indeque
551 1651 700 1676 seeum
724 1636 778 1676 ad
802 1636 956 1676 urbem
982 1637 1246 1676 Hemensem
1271 1635 1494 1691 perduxit.
1515 1651 1591 1691 per
1615 1650 1713 1691 sep-

222 1707 312 1743 tem
338 1704 425 1743 fere
451 1719 627 1744 menses
648 1719 748 1744 eum
769 1708 1029 1759 prosecutus
1057 1709 1187 1759 atque
1210 1704 1447 1744 comitatus
1469 1709 1550 1748 est,
1573 1702 1713 1743 donec

224 1771 287 1811 illi
316 1772 502 1812 comites
525 1787 629 1812 suos
658 1771 954 1827 eumdemque
984 1786 1120 1825 regno
1149 1771 1358 1812 restituit.

227 1901 316 1941 Lllz.
357 1901 431 1952 lxv,
461 1916 493 1942 (1.
527 1915 616 1942 XVI.
655 1915 706 1941 DE
741 1915 967 1941 I‘IRLEBALDI
1002 1915 1164 1941 COMlTlS
1190 1913 1627 1945 EXCOMML'NnilATnffiE,
1666 1914 1714 1940 ET

816 1982 1116 2009 .‡x1=s‹j›l,[''l'10N1<3.

293 2098 769 2139 Excommunicaverat
792 2098 859 2138 hi(-
888 2098 1035 2154 presul
1061 2097 1344 2138 Erlebaldum
1372 2097 1579 2137 comitem
1606 2095 1715 2136 Cas-

234 2166 437 2206 trieensis
478 2166 579 2221 pagi
624 2170 802 2221 propter
843 2166 1077 2206 Hemensis
1112 2165 1325 2220 episcopii
1364 2169 1543 2214 terram,
1581 2178 1713 2220 quam

234 2238 503 2289 pervaserat,
555 2233 702 2288 ibique
749 2234 1043 2273 munitionem
1089 2232 1311 2288 quandam
1355 2247 1486 2287 super
1540 2232 1714 2273 Mosam

235 2306 556 2345 construxerat,
610 2301 800 2357 indeque
852 2300 1100 2356 frequentia
1144 2299 1471 2340 ecclesiasticae
1522 2298 1714 2339 familiae

236 2369 349 2409 mala
410 2368 653 2424 ingerebat.
706 2368 892 2423 Insuper
927 2373 971 2408 et
1008 2372 1203 2408 castrum
1246 2367 1528 2407 Altmontem
1563 2365 1713 2407 furtim

235 2437 465 2492 irruperat.
498 2435 583 2477 Sed
606 2451 704 2476 cum
731 2450 808 2476 nec
837 2436 896 2476 ita
927 2440 1120 2476 cessaret
1147 2450 1168 2475 a
1201 2434 1331 2474 malis
1359 2449 1470 2490 quae
1492 2438 1711 2489 coeperat,

236 2504 379 2560 pergit
406 2503 764 2560 archiepiscopus
786 2518 884 2543 cum
907 2502 998 2543 suis
1034 2502 1088 2542 ad
1119 2501 1379 2557 capiendam
1402 2501 1712 2551 munitionem,

236 2586 369 2627 quam
398 2571 471 2611 ille
486 2575 811 2617 construxerat,
842 2570 1147 2626 Maceriasque
1175 2568 1448 2609 nominabat.
1474 2567 1617 2617 Quam
1639 2582 1717 2623 per

237 2644 427 2694 quatuor
447 2653 557 2694 pene
586 2637 853 2678 ebdomadas
882 2637 1106 2683 obsidens,
1132 2636 1363 2677 deserente
1387 2635 1568 2676 tandem
1594 2635 1716 2675 illam

239 2705 492 2758 ErlebaIdO,
522 2705 653 2761 cepit,
685 2710 727 2745 et,
755 2704 983 2760 dispositis
1010 2703 1118 2744 inibi
1146 2702 1361 2744 custodiis
1390 2702 1542 2744 Remis
1568 2701 1712 2743 rediit.
