1794 2952
187 189 268 230 172
798 201 1048 229 APPENDICES

182 284 285 325 dam
308 288 491 339 puteum
514 283 690 340 jactari,
728 298 862 339 seque
893 282 1053 323 exinde
1081 282 1243 338 raptim
1273 282 1350 323 ubi
1386 283 1440 324 ad
1476 283 1672 324 medium

180 351 277 407 ejus
289 351 470 392 devenit
497 351 606 402 erui,
634 365 683 391 ac
707 365 839 406 super
864 365 938 391 eos
976 349 1150 392 deferri.
1177 349 1321 400 Quam
1360 350 1478 391 idem
1506 350 1674 392 inimici

180 419 342 460 iterum
371 424 548 474 captare
570 418 798 469 volebant,
827 418 906 459 sed
927 418 1216 459 advenientes
1241 418 1327 459 duo
1350 419 1563 475 praeclari
1587 418 1676 460 cle-

181 487 259 527 rici
296 502 393 527 eam
422 486 581 527 exinde
611 486 885 537 auferebant,
918 491 961 527 et
1000 486 1043 526 in
1078 486 1300 542 quendam
1324 486 1675 542 pulcherrimum

182 554 346 605 locum,
386 554 578 594 inimicis
613 553 971 610 insequentibus,
1011 553 1322 609 deportabant,
1369 569 1556 610 eamque
1586 568 1675 594 non

182 622 351 677 eripere
378 621 431 663 de
462 622 668 663 manibus
707 622 1072 678 persequentium
1107 627 1327 677 poterant,
1360 637 1462 663 cum
1496 637 1593 663 eam
1629 621 1672 661 in

183 690 373 747 quodam
414 689 578 730 lectulo
619 690 771 730 stratis
810 689 1162 746 cooperuissent.
1209 690 1374 731 Hostes
1420 689 1540 730 enim
1575 704 1671 730 eam

183 757 449 814 accipientes
471 758 514 797 in
543 757 769 813 quandam
798 758 959 798 vallem
992 757 1387 813 profundissimam
1417 756 1674 798 detulerunt

181 825 256 866 ubi
281 841 374 866 eam
403 825 590 879 dejicere
606 834 621 850 ‘¹
651 825 875 870 volebant,
904 825 980 866 sed
1010 840 1097 865 non
1126 830 1346 881 poterant.
1370 825 1670 881 Reportarunt

183 898 330 934 autem
350 908 446 933 eam
466 893 519 933 ad
542 893 763 950 quandam
787 909 948 949 aquam
967 892 1222 943 maximam,
1247 892 1321 933 ubi
1338 893 1525 934 eandem
1548 892 1633 932 visi
1652 891 1670 917 ¹²

181 967 285 1002 sunt
314 961 564 1016 pr‹⁷›jecisse.
591 964 745 1010 Quac'*
774 961 885 1001 vidit
925 976 1086 1017 aquam
1128 961 1269 1017 ipsam
1314 976 1417 1001 mox
1449 960 1604 1012 dividi,
1631 964 1673 1001 et

182 1029 373 1069 inimicis·
418 1029 748 1085 disparentibus
791 1046 836 1069 se
890 1029 1072 1069 licenter
1122 1029 1294 1082 egredi:
1334 1029 1378 1068 in
1430 1028 1525 1084 ipso
1570 1043 1672 1068 vero

181 1111 379 1151 egressu,
410 1096 645 1137 videbatur
672 1097 793 1137 canis
819 1097 1034 1137 candidus
1064 1096 1207 1137 eidem
1235 1096 1501 1152 adgaudere,
1540 1110 1671 1152 quem

182 1170 328 1205 tamen
373 1164 444 1204 illa
484 1165 644 1205 timens
685 1165 953 1220 pertransiit,
992 1169 1035 1205 et
1083 1164 1137 1204 ad
1174 1164 1398 1220 quendam
1445 1164 1592 1204 locum
1627 1163 1671 1203 in

182 1233 375 1273 medium
401 1233 655 1273 decentium
690 1233 951 1273 elericorum
979 1232 1174 1283 devenit,
1208 1232 1281 1288 qui
1315 1247 1411 1272 eam
1446 1236 1674 1284 gratanter

180 1300 475 1356 excipiebant.
502 1306 543 1341 et
572 1306 725 1356 potum
755 1301 792 1340 ei
823 1301 864 1340 in
901 1316 1002 1341 vase
1030 1300 1330 1355 pulcherrimo
1359 1299 1483 1356 quasi
1511 1314 1673 1354 aquam

182 1368 477 1408 clarissimam
503 1368 764 1409 oll'erebant.

245 1437 352 1476 ltem
373 1436 455 1476 alia
479 1443 604 1477 noete
620 1436 731 1477 vidit
752 1440 964 1491 quattuor
978 1435 997 1460 ‘¹
1026 1436 1265 1475 daemones
1281 1443 1296 1458 ‘²
1311 1434 1383 1475 ubi
1412 1439 1503 1475 erat
1529 1434 1675 1487 ingre-

182 1503 371 1547 dientes,
425 1520 536 1559 qnos
588 1504 714 1544 valde
769 1504 929 1547 timuit.
979 1509 1021 1544 et
1067 1518 1166 1543 cum
1208 1519 1253 1543 se
1312 1503 1487 1557 signare
1538 1501 1674 1542 vellet

182 1587 297 1611 unus
346 1588 495 1611 eorum
531 1572 657 1628 quasi
685 1571 896 1612 minitans
923 1570 1201 1627 prohibebat,
1233 1570 1384 1611 dicens
1430 1569 1547 1626 quod
1592 1569 1674 1609 hoe

180 1654 296 1679 anno
345 1655 497 1679 eorum
536 1639 712 1679 adhucs
746 1654 930 1691 regnum
975 1638 1100 1679 foret.
1138 1638 1257 1679 Vidit
1286 1638 1419 1678 etiam
1467 1641 1672 1677 sanctum

183 1706 436 1761 Remigium
495 1711 535 1747 et
600 1712 803 1748 sanctum
871 1706 1161 1747 Lantbertum
1221 1721 1321 1746 cum
1386 1704 1671 1745 multitudine

181 1774 460 1814 albatorum!l
497 1775 756 1815 clericorum
795 1774 930 1815 libros
970 1774 1216 1814 tenentium
1239 1778 1281 1814 et
1318 1772 1506 1829 pedibus
1542 1771 1671 1812 nudis

180 1842 505 1887 assistentium.
576 1842 690 1883 inter
745 1858 856 1898 quos
917 1842 1025 1882 vidit
1085 1841 1326 1882 Artoldum
1394 1839 1668 1895 episcopum.

186 1910 371 1949 Beatum
410 1926 513 1950 vero
560 1910 811 1964 Remigium
842 1910 1011 1950 audivit
1043 1909 1261 1950 dicentem
1300 1924 1401 1949 cum
1438 1905 1670 1948 inaei·ore¹‘

182 1978 299 2032 quod
318 1978 524 2018 Franciea
544 1983 655 2018 terra
672 1978 873 2018 decorem
892 1982 932 2018 et
950 1982 1215 2033 potestatem
1239 1991 1364 2016 suam
1388 1974 1668 2031 perdidisset,

183 2044 266 2084 nisi
291 2045 558 2099 generaliter
584 2046 736 2101 populi
771 2045 939 2086 l)eum¹'
969 2045 1338 2100 depraecarentur
1357 2043 1390 2094 J,
1416 2042 1672 2097 jejunantes

181 2112 314 2152 certis
344 2112 460 2153 seriis
492 2119 531 2153 et
573 2114 650 2153 Dei
687 2113 1034 2154 misericordiam
1051 2112 1069 2137 '¹‘
1096 2112 1401 2168 implorantes.
1434 2109 1672 2151 Artoldum

182 2195 287 2219 vero
313 2181 561 2235 praesulem
597 2181 839 2236 increpavit
869 2180 987 2236 quod
1012 2180 1102 2220 Deo
1131 2179 1295 2220 servire
1336 2178 1562 2219 debuisset
1596 2176 1671 2233 qui

183 2247 225 2287 in
242 2253 329 2288 tam
345 2263 557 2302 magnum
575 2248 820 2303 periculum
835 2248 1064 2288 introisset
1079 2262 1086 2295 ς
1103 2247 1156 2287 ad
1173 2262 1305 2302 quam
1323 2245 1670 2301 increpationem

184 2315 276 2370 ipse
298 2315 473 2370 praesul
499 2315 615 2355 foras
638 2331 843 2371 egressus
871 2320 953 2363 est,
983 2320 1025 2355 et
1053 2314 1107 2355 ab
1133 2315 1233 2369 igne
1250 2313 1424 2355 absumi
1439 2313 1562 2353 visus
1585 2317 1665 2352 est.

184 2382 352 2422 Deinde
391 2382 571 2423 beatum
622 2383 875 2437 Remigium
921 2381 1280 2438 conquirentem!
1323 2396 1423 2422 cum
1467 2380 1623 2420 ceteris
1641 2386 1667 2403 '⁰²

182 2450 368 2500 audivit,
405 2450 512 2506 quid
546 2450 701 2490 Franci
740 2450 791 2491 de
827 2466 906 2490 suo
944 2465 1045 2505 rege
1083 2449 1222 2490 facere
1263 2448 1443 2499 vellent,
1481 2447 1556 2503 qui
1594 2462 1670 2502 per

223 2574 254 2599 a»
274 2570 425 2601 delcere.
438 2571 477 2599 A.
492 2587 530 2591 —
546 2569 579 2599 hl
597 2570 674 2600 nisi.
689 2569 742 2599 c'rI.
765 2569 905 2599 Pithon.
923 2587 961 2590 —
974 2573 1002 2607 e)
1022 2570 1108 2607 (ους,
1129 2570 1168 2598 Α.
1186 2586 1225 2590 -·
1242 2568 1450 2607 d)quatuor,
1469 2567 1522 2597 e'd.
1542 2567 1668 2596 Pithon

182 2615 257 2647 —032
269 2611 450 2649 deumne&
464 2612 486 2639 ,l
497 2635 502 2640 .
515 2628 552 2631 —-
563 2610 593 2648 f
604 2611 719 2639 adhue
730 2620 864 2647 corum,
876 2610 928 2640 e'd.
942 2610 1080 2639 Pithon.
1092 2616 1174 2649 —ffl
1185 2610 1409 2641 abbatorum,
1420 2608 1472 2638 e'd.
1487 2608 1613 2638 Pithon
1630 2624 1668 2628 —

183 2651 214 2679 h.
234 2661 381 2684 merore,
403 2653 618 2689 .t,m‹1‘rore.
635 2651 676 2681 ἐι]
712 2650 853 2681 Pithon.
872 2669 910 2673 ——
930 2651 1157 2685 issdoi‘ninnm,
1176 2650 1228 2680 ῥά.
1250 2651 1389 2680 Pithon.
1406 2649 1487 2689 -j›
1503 2650 1669 2688 depreca-

183 2694 314 2723 rentur.
341 2692 382 2721 e'd
427 2693 567 2722 Pithon.
595 2710 633 2714 ——
655 2692 703 2731 ls')-
717 2692 964 2722 miseecwdiam
994 2692 1078 2731 ,sicu
1102 2693 1142 2722 A.
1172 2709 1210 2714 —
1242 2690 1263 2731 I)
1296 2692 1585 2730 conquerentem,
1613 2689 1666 2719 e'd.

184 2732 322 2762 Pithon.
337 2751 376 2754 —
395 2736 440 2772 m)
460 2734 612 2769 caetcris,
631 2733 684 2763 e'sl.
701 2733 840 2763 Pithon.
