1794 2952
736 146 983 174 APPENDICES
1522 132 1597 173 171

113 230 321 271 assistere
372 229 416 270 in
471 228 665 285 quodam
718 228 889 269 mirae⁸
934 227 1289 284 pulchritudinis
1306 227 1325 252 1‘
1376 227 1490 273 loco,
1529 227 1603 267 ubi

113 297 458 354 Redemptorem
490 301 697 336 nostrum
731 310 779 336 se
815 295 983 336 vidisse
1027 294 1235 336 narrabat
1271 294 1518 346 sedentem,
1562 299 1607 335 et

113 366 239 421 quasi
264 365 468 406 innixum
498 363 570 405 vel
600 362 892 404 accubantem
927 379 1062 420 supra
1099 362 1217 404 beati
1257 363 1376 404 Petri
1415 362 1606 419 apostoli

112 439 283 489 pectus.
310 432 393 475 Cui
423 431 647 473 assidebat
677 431 811 472 etiam
845 431 1107 472 beatissima
1140 430 1222 472 Dei
1248 431 1444 487 genitrix
1467 430 1607 486 Virgo

109 501 264 554 Maria,
296 516 407 558 quae
424 508 439 526 ‘⁷
462 500 643 541 beatum
666 499 849 540 Petrum
877 499 1052 556 rogavit
1080 503 1130 539 ut
1158 499 1273 540 hanc
1301 499 1498 555 puellam
1521 498 1605 539 sibi

111 569 297 610 donaret
329 594 386 599 -
411 573 479 610 est
523 568 641 608 enim
693 567 896 623 subjecta
948 567 1221 608 monasterio
1281 566 1434 608 Sancti
1487 566 1606 607 Petri

112 637 290 678 nomine
332 639 575 678 Avennaco
600 637 631 687 5,
660 662 718 666 —-
748 635 948 691 viditque
986 635 1203 676 abeuntes
1225 634 1326 676 inde
1361 634 1604 675 Dominum

112 710 314 746 nostrum
351 710 393 746 et
425 709 630 745 sanctum
664 704 861 754 Petrum,
900 703 1074 744 beatam
1110 718 1216 744 vero
1253 702 1441 743 Mariam
1478 702 1607 759 quasi

112 773 286 814 tristem
317 772 427 813 inibi
449 772 731 813 remansisse.
762 772 874 812 Tum
904 771 1017 812 vidit
1050 786 1095 812 se
1118 771 1226 812 haec
1241 770 1261 796 (Ι
1282 770 1430 826 puella
1473 770 1608 811 altius

112 840 352 891 sublevari,
384 846 426 880 et
457 839 692 880 luminaria
719 840 835 881 circa
869 855 931 891 se,
958 839 1085 895 quasi
1111 839 1320 880 candelas
1341 838 1564 879 adhibitas
1594 852 1602 887 ·,

111 908 269 949 deinde
290 908 404 949 vidit
424 908 677 949 columbam
702 907 1067 948 candidissimam
1095 908 1339 955 volantem,
1368 906 1421 947 de
1451 906 1609 962 cujus‘³

112 975 178 1016 ala
212 977 392 1017 dextera
422 976 625 1017 decidere
654 975 738 1016 sibi
770 975 1006 1016 videbatur
1043 990 1205 1031 penna.
1249 975 1409 1015 Postea
1454 974 1607 1015 stellas

112 1044 197 1085 sibi
235 1045 663 1101 appropinquantes,
712 1059 848 1101 seque
886 1043 1005 1085 ultra
1045 1044 1199 1084 lunam
1237 1042 1339 1084 ferri
1377 1041 1609 1098 conspexit,

112 1112 357 1169 miramque
393 1112 593 1167 gloriaes
631 1111 1013 1168 pulchritudinem
1029 1120 1048 1144 ss
1082 1111 1261 1152 intueri.

174 1181 302 1231 Item,
346 1185 448 1236 post
487 1180 658 1221 dierum
696 1180 951 1236 quindecim
993 1179 1205 1235 spatium.
1243 1179 1297 1219 ad
1339 1178 1527 1219 eundem
1562 1193 1608 1219 se

111 1248 258 1289 locum
282 1254 454 1304 raptam
470 1248 596 1298 vidit,
623 1247 700 1288 ubi
723 1253 815 1288 erat
840 1247 1083 1288 multitudo
1113 1262 1269 1287 senum
1308 1246 1602 1298 tristantium,

112 1316 229 1356 inter
269 1332 380 1372 quos
413 1316 647 1357 videbatur
683 1315 863 1372 quidam
893 1315 1219 1371 pulcherrimus
1247 1330 1398 1365 senex,
1439 1314 1606 1354 canicie

113 1384 241 1424 nivea
260 1384 462 1429 deCOHIS,
483 1384 582 1424 alba
605 1383 805 1425 indutus.
836 1383 911 1439 qui
944 1389 1096 1424 contra
1125 1383 1378 1438 praedictos
1401 1388 1570 1422 ceteros
1588 1382 1605 1407 7¹

113 1467 241 1492 senes
259 1451 494 1492 videbatur
515 1452 660 1493 irasci.
688 1451 864 1507 Quique
884 1451 997 1491 hanc
1020 1451 1217 1506 puellam
1231 1452 1355 1491 visus
1369 1450 1605 1491 estducere

113 1519 157 1560 in
168 1519 391 1576 quandam
412 1519 646 1575 planiciem
664 1519 740 1560 ubi
754 1524 843 1560 erat
859 1519 990 1559 arbor
1002 1518 1132 1559 valde
1147 1518 1332 1574 pulchra
1351 1518 1374 1567 ί,
1401 1518 1607 1573 huncque

114 1587 260 1628 locum
283 1588 424 1628 sancti
456 1588 660 1628 Mauricii
691 1587 805 1628 dixit
841 1602 955 1637 esse,
991 1592 1034 1627 et
1067 1588 1179 1627 hanc
1209 1586 1405 1642 puellam
1440 1585 1605 1626 ibidem

114 1658 337 1714 praecepit
361 1674 500 1709 orare,
532 1658 682 1714 ibique
712 1658 849 1714 jussit
878 1673 974 1698 eam
1009 1662 1214 1698 sanctum
1245 1657 1532 1697 Laurentium
1564 1662 1607 1697 et

115 1731 319 1767 sanctum
331 1725 859 1782 HilariumdepraecariJ.
888 1726 1007 1766 Haec
1022 1725 1039 1749 '⁶
1057 1725 1295 1781 ubicoepit
1319 1724 1393 1765 illa
1425 1724 1601 1770 referre,

115 1799 265 1850 postea
289 1793 734 1834 audivitdaemonesl
756 1794 799 1833 in
813 1793 1098 1848 nocte,quasi
1120 1798 1244 1833 extra
1270 1793 1450 1832 domum
1469 1793 1607 1847 patris

115 1861 199 1913 sui,
244 1861 318 1902 ubi
364 1862 439 1902 illa
480 1861 686 1917 (legebat,
731 1861 928 1902 sonitum
969 1876 1179 1915 magnum
1227 1860 1412 1900 confuso
1458 1859 1605 1899 furore

114 1928 341 1970 facientes.
363 1930 485 1970 Tunc
498 1930 700 1986 apparuit
726 1930 763 1969 ei
784 1929 963 1985 quidam
976 1929 1163 1969 clericus
1179 1928 1434 1978 revestitus,
1459 1942 1605 1967 sacras

114 1996 362 2037 oblationes
393 1997 511 2038 nivei
541 1997 745 2038 candoris
779 1997 924 2037 ferens
950 1997 992 2037 in
1023 2012 1173 2037 manu.
1207 1996 1420 2052 Sequenti
1456 2000 1600 2038 nocte.

114 2064 226 2105 vidit
254 2080 299 2105 se
321 2065 365 2104 in
400 2065 544 2105 medio
578 2071 850 2105 armatorum
891 2065 1091 2121 equitum
1138 2064 1347 2120 positam,
1396 2064 1470 2119 qui
1508 2079 1603 2103 eam

115 2133 488 2187 comprehendere
547 2133 819 2183 nitebantur,
878 2133 956 2173 sed
1007 2132 1265 2188 contingere
1321 2147 1603 2187 nequaquam

115 2200 337 2241 valebant.
372 2201 499 2242 Unde
531 2206 572 2241 et
610 2201 725 2241 inter
765 2216 809 2242 se
845 2200 972 2241 valde
1010 2200 1274 2241 fremebant.

176 2267 343 2308 Deinde
360 2268 443 2309 alia
468 2275 595 2310 nocte
622 2269 731 2309 vidit
764 2284 809 2309 se
834 2268 972 2309 abhis
991 2268 1327 2323 comprehendi.
1349 2272 1390 2307 et
1407 2267 1447 2306 in
1469 2281 1605 2321 quen—

156 2379 427 2418 &mn-qwnkh
453 2378 1244 2419 lnilci·iti1(linis,e‹l.l'ill1‹›u.—cjlque.A.——d
1271 2379 1344 2417 lnge.
1362 2380 1476 2407 il.—e
1501 2378 1601 2406 onius

116 2419 178 2450 <sie
199 2444 205 2454 ‚
226 2421 266 2450 A.
288 2439 328 2442 —
344 2420 364 2459 l
394 2421 516 2460 glorie.
537 2422 672 2461 Α1,-ζ]
702 2421 992 2460 pulcritndnwm,
1019 2420 1071 2451 e'al.
1092 2421 1234 2450 Pithon.
1255 2438 1287 2441 —
1307 2420 1325 2448 l1
1361 2422 1526 2449 orior-m.
1544 2418 1598 2448 cd.

118 2460 245 2490 Pithon
273 2479 310 2484 --
326 2462 347 2491 i¹
382 2463 517 2501 pulcra.
549 2462 602 2492 e'd.
623 2462 764 2493 Pithon.
787 2462 865 2502 —j
898 2463 1095 2501 deprecari,
1116 2461 1168 2492 e'd.
1189 2462 1328 2491 l'itlwn.
1343 2479 1382 2481 —
1401 2460 1420 2489 h·
1455 2460 1539 2498 112·st
1559 2460 1583 2488 A

115 2519 157 2523 —-
175 2502 195 2531 l*
219 2502 396 2542 demones.
419 2504 459 2533 A.

161 2685 188 2712 1.
215 2684 375 2722 Avenay.
396 2683 529 2715 Marnc.
549 2684 849 2713 arromlisscment
882 2684 924 2712 ‹lc
943 2683 1073 2713 lienus.
1091 2685 1220 2712 canton
1241 2682 1333 2710 ‹lssxiss
