1882 2937
272 145 354 187 192
893 156 1140 184 APPENDICES

270 239 546 295 contigisset.
588 237 685 287 Quo
719 236 904 277 consilio
941 242 1148 292 percepto
1184 251 1233 277 ac
1270 236 1362 277 suis
1396 237 1616 290 intimato,
1659 243 1760 294 post

272 307 447 349 tertiam
480 305 726 346 obsidionis
756 304 874 345 diem
902 319 1001 345 curn
1038 319 1148 360 pene
1176 305 1348 345 eunctis
1376 304 1453 360 qui
1481 320 1628 346 secum
1653 310 1759 346 tunc

271 376 454 416 aderant
479 372 697 413 militibus
719 387 924 425 egressus
946 377 1026 412 est.
1060 372 1220 427 Sicque
1250 387 1374 427 reges
1412 388 1512 413 cum
1539 373 1759 429 episcopis

273 448 317 483 et
356 440 630 498 principibus
672 439 974 495 ingredientes
1029 439 1207 489 urbem,
1256 440 1472 480 domnum
1521 440 1760 481 Artoldum

273 510 512 567 presulem,
557 508 632 565 qui
674 508 841 548 (ludum
883 507 1026 548 fuerat
1071 507 1255 563 ejectUS,
1297 507 1460 548 iterum
1506 507 1761 549 intronizari

275 577 488 618 fecerunt.
517 575 659 626 Quem
689 574 948 626 Rotbertus,
985 575 1270 616 Treverensis
1311 575 1688 632 archiepiscopuS,
1719 580 1762 617 et

276 645 534 686 Frederic'us
555 643 938 698 Mogonciacensis
954 643 1222 698 accipientes
1241 647 1427 698 utraque
1450 659 1602 695 manu,
1620 643 1763 684 eidem

276 713 369 754 sedi
404 713 710 753 restituerunt.
744 711 912 751 Deinde
939 711 1243 765 relinquentes
1268 710 1541 766 Gerbergam
1565 711 1763 765 reginam

277 780 444 831 Remis,
484 779 569 835 ipsi
615 794 738 832 reges
774 794 876 819 cum
913 778 1182 819 exercitibus
1222 778 1315 818 suis
1355 783 1518 819 terram
1562 779 1764 834 llugonis

277 848 587 903 ingrediuntur
622 851 664 887 et
711 845 922 900 gravibus
968 851 1167 886 atterunt
1212 845 1618 901 depredationibus.
1662 846 1766 887 Ter—

278 932 371 957 ram
417 930 591 971 quoque
637 914 1026 954 Nordmannorum
1075 919 1378 970 peragrantes,
1424 914 1517 955 loca
1567 930 1767 970 quaeque

279 985 531 1030 devastant,
566 987 607 1023 et
642 981 741 1022 inde
771 986 1018 1022 remeantes
1045 982 1099 1022 ad
1128 997 1203 1021 sua
1239 981 1403 1037 quique
1435 982 1762 1035 regrediuntur.

101 1051 245 1122 {xz-3¹5³<
337 1052 469 1092 Anno
497 1051 717 1106 sequenti,
740 1065 812 1089 rex
849 1050 1117 1090 Ludowicus
1135 1049 1387 1089 Mosomuin
1412 1053 1623 1099 castrum,
1649 1050 1768 1105 quod

90 1114 99 1122 Α
125 1116 256 1173 pagos*
288 1120 417 1173 Ilugo
452 1118 601 1158 llemis
631 1118 799 1172 ejectus
830 1117 1063 1165 retinebat,
1095 1116 1294 1164 obsedit:
1320 1117 1397 1157 sed
1423 1116 1529 1157 nihil
1554 1132 1631 1172 pro
1653 1117 1768 1158 votis

74 1178 128 1205 ¹¹⁶
150 1177 184 1205 et
207 1177 493 1234 ¹22‘ellicient-2,
518 1185 828 1226 recedentibus
852 1184 1025 1225 tandem
1051 1190 1150 1240 post
1177 1200 1373 1225 mensem
1406 1184 1769 1226 Lotliariensibus

281 1256 357 1312 qui
385 1269 532 1295 secum
556 1258 695 1300 erant,
726 1253 818 1308 ipse
844 1254 1007 1293 Remos
1027 1253 1276 1293 revertitur.

342 1326 439 1372 Quo
465 1322 517 1362 ad
541 1321 762 1361 Othonem
780 1336 927 1375 regem
947 1320 1001 1360 ad
1022 1319 1337 1361 celebrandum
1362 1320 1529 1360 Pascha
1557 1320 1766 1375 profecto,

287 1392 414 1445 Ilugo
472 1389 677 1445 princeps
738 1405 761 1428 a
803 1388 1071 1444 quibusdam
1124 1393 1459 1443 presumptuose
1512 1403 1766 1444 persuasus,

285 1460 550 1499 Remensem
608 1472 705 1497 cum
746 1457 934 1510 Ilugone
978 1455 1167 1511 presule,
1211 1456 1338 1511 quasi
1386 1471 1491 1495 mox
1542 1461 1767 1511 capturus,

284 1525 541 1581 aggreditur
573 1524 725 1564 urbem
745 1537 752 1571 ;
774 1524 1073 1579 frustratoque
1096 1523 1294 1577 negocio,
1320 1523 1632 1564 resistentibus
1657 1523 1773 1577 regis

283 1598 326 1635 et
346 1592 523 1634 Artoldi
545 1591 866 1646 archiepiscopi
893 1590 1126 1638 militibus,
1149 1595 1306 1631 octavo
1324 1595 1561 1647 postquam
1584 1590 1774 1631 advene-

284 1666 383 1702 rant
409 1660 495 1707 die,
526 1659 647 1699 illusi
680 1659 906 1700 recedunt.
942 1658 1160 1698 Defuncto
1186 1658 1378 1699 Deroldo
1402 1658 1774 1699 Ambianensium

284 1727 473 1785 presule,
495 1726 739 1767 Tetbaldus
758 1727 939 1782 quidam
955 1726 1163 1767 eeclesiae
1187 1726 1480 1767 Suessonicae
1501 1726 1775 1767 archidiaco-

90 1799 258 1863 Αῐῑᾶζᾶμῑῡὸπ
286 1812 368 1837 nus
396 1795 627 1835 ordinatur
662 1795 717 1835 ab
756 1795 945 1848 Ilugone
986 1794 1223 1834 Ambianis
1267 1794 1515 1850 episeopus.
1540 1793 1775 1834 Conventu

129 1855 235 1923 pagi&
291 1863 442 1920 placiti
473 1878 628 1917 regum
664 1862 895 1903 Ludowici
926 1867 969 1903 et
1002 1862 1190 1901 Othonis
1219 1877 1350 1917 super
1377 1861 1565 1901 (jhamm
1591 1861 1776 1901 lluvium

110 1927 251 1955 ¹⁰5‘¹⁴‘'⁴³·
293 1936 580 1986 &ingregatm
598 1945 667 1971 res
695 1930 785 1970 litis
811 1930 925 1971 inter
952 1929 1190 1970 Artolduin
1219 1929 1524 1983 etllugonem,
1543 1928 1777 1969 Remensis

288 1998 500 2039 ecclesiae
526 1997 768 2053 praesules,
797 1997 851 2037 ab
889 1997 1109 2053 episcopis
1136 1996 1339 2047 auditur,
1367 2001 1409 2037 et
1437 1996 1540 2053 quia
1577 1995 1777 2051 synodus

287 2072 394 2107 tunc
440 2071 708 2121 congregata
745 2080 833 2105 non
873 2064 1030 2111 fuerat,
1074 2064 1303 2105 altercatio
1351 2063 1638 2105 determinari
1686 2078 1775 2103 non

289 2133 448 2190 potuit.
493 2132 686 2173 Sinodus
717 2138 865 2173 autem
913 2132 1026 2184 circa
1071 2132 1264 2172 inedium
1302 2132 1468 2172 mensis
1511 2130 1778 2171 Novembris

289 2200 488 2241 habenda
511 2199 814 2240 denuntiatur.
846 2200 1029 2240 Interim
1051 2215 1154 2240 vero
1178 2200 1304 2240 sedes
1326 2199 1560 2239 Remensis
1587 2197 1778 2238 Artoldo

291 2267 564 2319 conceditur,
590 2268 722 2322 Hugo
758 2268 950 2307 Mosomi
979 2267 1190 2308 remorari
1223 2267 1510 2322 permittitur.
1542 2265 1776 2317 Heriveus,

292 2350 428 2391 nepos
472 2335 652 2375 Herivei
703 2335 1040 2390 archiepiscopi,
1088 2334 1257 2375 habens
1307 2333 1602 2375 munitionem
1647 2347 1779 2388 quam

293 2402 603 2443 aedificaverat
653 2403 760 2443 citra
819 2403 1068 2443 Maternam
1123 2402 1325 2452 fluvium,
1371 2401 1502 2441 villas
1547 2399 1781 2441 Remensis

294 2470 505 2525 episcopii
534 2470 876 2526 circumquaque
902 2470 1009 2510 sitas
1033 2469 1397 2525 depraedabatur,
1423 2467 1781 2509 excommunica-

296 2542 367 2577 tus
393 2537 447 2577 ab
475 2537 665 2577 Artoldo
692 2537 868 2592 presule
895 2553 971 2592 pro
1000 2537 1130 2577 rebus
1164 2551 1274 2592 quas
1300 2536 1525 2577 invaserat
1551 2534 1776 2576 ecclesiae.

297 2604 460 2645 Contra
506 2604 632 2660 cujus
675 2605 893 2660 predones
933 2604 1100 2660 egressi
1145 2604 1336 2659 quadam
1379 2603 1448 2643 die
1497 2601 1782 2658 Ragenoldus

296 2686 460 2722 comeS,
505 2666 548 2713 et
591 2671 748 2713 fratres
778 2672 957 2712 Artoldi
984 2671 1174 2727 presulis
1204 2686 1305 2712 cum
1336 2669 1606 2727 quibusdam
1634 2668 1782 2709 militi-
