1794 2952
18 945 81 983 les,

23 1031 70 1058 10.

0 1965 76 2003 iles,

33 2030 40 2043 7

0 2057 11 2077 3
26 2051 75 2079 25.

718 166 968 194 APPENDICES
1516 152 1597 193 183

111 250 171 290 At
203 248 466 290 Erlebaldus
492 247 720 304 profectus
747 247 801 288 ad
829 262 995 304 regem,
1029 247 1104 303 qui
1126 252 1232 288 tunc
1268 247 1528 288 morabatur
1553 247 1599 287 in

110 332 222 373 pago
262 316 576 358 warmacensi
620 320 774 356 contra
818 315 1061 356 Henricum
1096 315 1344 372 principem
1385 316 1599 356 Transre-

108 399 306 436 nensem,
348 384 514 425 ibidem
546 383 601 424 al)
639 383 844 424 hostibus
886 383 1004 439 regis
1041 383 1125 423 sibi
1166 382 1598 438 supervenientibus

108 453 403 508 interemptus
425 457 506 493 est.
536 451 679 501 Quem
703 456 855 492 tamen
876 451 1166 508 postmodum
1188 451 1232 492 in
1262 451 1434 501 sinodo,
1462 466 1599 507 quam

107 521 225 577 apud
240 520 519 573 Troslegium
542 519 658 560 idem
677 519 869 560 domnus
895 519 1259 576 archiepiscopus
1288 535 1391 560 cum
1430 519 1600 560 dioece—

108 588 254 629 saneis
296 588 388 629 suis
412 587 583 637 habuit,
616 587 917 628 intercedente
959 602 1061 643 rege
1087 592 1130 628 et
1158 587 1320 628 obnixe
1352 587 1597 642 flagitante,

106 672 128 697 a
151 656 329 697 vinculo
358 655 837 697 excommunicationis
862 655 1072 696 absolvit.

312 815 403 856 Luz.
432 815 505 863 IV,
537 830 571 856 c.
602 829 704 856 xvii.
744 829 795 855 DE
822 828 943 856 oizi'ri'
974 829 1142 857 nemvex
1176 829 1388 856 PRESL‘LIS.

168 936 463 977 Excrescente
491 936 681 992 denique
716 936 936 977 discordia
972 937 1088 977 inter
1120 951 1273 992 regem
1310 936 1518 977 Karolum
1558 941 1602 976 et

107 1004 389 1056 Rotbertum,
422 1020 523 1045 cum
555 1020 666 1060 pene
701 1005 850 1046 cuncti
874 1004 1001 1059 regni
1021 1020 1226 1061 proceres
1247 1004 1301 1045 ad
1323 1004 1602 1045 constituen-

107 1073 213 1113 dum
236 1088 384 1128 regem
404 1072 670 1113 Rotbertum
689 1073 807 1128 apud
833 1072 1047 1113 Sanctum
1071 1073 1325 1128 Remigium
1344 1071 1600 1128 congregati

107 1146 271 1190 essent,
294 1140 411 1181 idem
436 1140 795 1196 archiepiscopus
813 1141 993 1195 langore
1018 1140 1255 1197 depressus
1277 1140 1369 1181 vita
1391 1140 1599 1191 decessit,

106 1209 236 1250 tertia
271 1208 340 1249 die
381 1209 549 1249 scilicet
588 1214 827 1264 postquam
872 1208 1117 1249 Rotbertus
1152 1224 1228 1250 rex
1264 1208 1406 1250 factus
1440 1208 1598 1259 suerat,

106 1282 265 1333 quarto
285 1292 389 1317 vero
428 1276 496 1316 die
519 1282 760 1332 antequam
785 1276 1049 1317 vicesimum
1073 1276 1318 1318 secundum
1345 1276 1411 1317 sui
1434 1277 1602 1332 episco-

106 1350 237 1400 patus
280 1344 480 1401 expleret
514 1359 696 1385 annum.
743 1344 945 1399 Contigit
982 1350 1130 1385 autem
1176 1349 1241 1389 ut,
1294 1345 1387 1400 ipsa
1433 1344 1502 1385 die
1534 1343 1602 1384 sui

106 1415 330 1460 decessus.
351 1415 499 1471 plures
527 1415 602 1471 qui
630 1415 904 1456 advenerant
931 1415 1129 1471 episcopi
1165 1415 1432 1456 Remensem
1457 1415 1601 1470 ingre-

105 1483 315 1524 derentur
338 1483 510 1535 urbem,
542 1483 706 1539 quique
732 1482 866 1524 funus
901 1484 1041 1539 ipsius
1063 1483 1211 1537 dignis
1244 1484 1467 1540 exsequiis
1490 1483 1601 1524 cele-

104 1551 301 1599 brantes,
347 1567 449 1592 cum
489 1551 685 1591 maximo
721 1566 903 1592 suorum
945 1552 1022 1592 sed
1075 1557 1117 1592 et
1167 1556 1423 1592 exterorum
1456 1552 1595 1601 luctu,

106 1618 280 1660 decenti
302 1619 521 1660 tradidere
550 1620 821 1674 sepulturae.

192 1757 284 1799 Lux.
314 1757 388 1807 IV,
417 1771 449 1798 (1,
483 1771 575 1797 xix.
610 1771 661 1797 ne
696 1770 846 1798 sixono
881 1771 999 1804 QUAM
1021 1771 1179 1798 macir
1208 1758 1429 1813 [seissLch]
1462 1772 1510 1798 ET

456 1839 622 1865 CliTERiS
657 1838 824 1865 Ail'l'lssl's
859 1839 940 1866 VEL
972 1839 1067 1865 FINE
1100 1839 1246 1866 ipsius.

165 1946 248 1986 Hic
272 1946 405 1987 etiam
430 1946 639 1986 sinodum
668 1945 823 1986 habuit
851 1946 894 1986 in
923 1946 1027 1986 villa
1063 1945 1259 1986 Trosleio
1293 1961 1395 1986 cuni
1429 1946 1599 2001 episco-

106 2014 174 2070 pis
208 2014 444 2054 Remensis
469 2013 712 2058 dioceseos,
743 2013 819 2054 ubi
844 2014 1006 2054 all‘uere
1032 2014 1235 2054 nonnulli
1263 2029 1440 2069 quoque
1465 2014 1598 2054 comi-

106 2086 173 2121 tes
196 2095 204 2126 2
231 2082 275 2121 in
294 2097 381 2137 qua
402 2087 441 2122 et
472 2081 616 2122 Ysaac
636 2096 785 2122 comes
807 2082 861 2122 ad
884 2081 1235 2123 satisfactionem
1259 2082 1380 2122 venit
1409 2098 1486 2138 pro
1511 2082 1593 2133 llis,

107 2164 218 2205 quae
235 2164 368 2205 prave
385 2154 717 2205 perpetraverat
731 2149 947 2190 adversus
963 2149 1197 2190 ecclesiam
1210 2150 1593 2201 Camaracensem,

106 2217 330 2272 quoddam
376 2216 611 2257 castellum
655 2217 888 2273 Stephani.
944 2217 1136 2272 presulis
1202 2218 1403 2273 ejusdem
1456 2218 1593 2270 urbis,

107 2284 258 2325 dolosa
307 2285 681 2340 comprehensum
724 2285 987 2340 pervasione
1034 2286 1323 2326 succendens.
1379 2286 1463 2325 Pro
1510 2301 1596 2342 quo

106 2352 299 2392 facinore
323 2352 511 2393 vadatus
539 2352 583 2391 in
607 2352 687 2392 hac
713 2352 870 2392 sinodo
897 2357 1075 2393 centum
1094 2353 1219 2394 libris
1249 2354 1439 2405 argenti,
1470 2368 1596 2409 paca-

108 2424 180 2460 tur
216 2434 317 2460 cum
354 2419 522 2474 prefato
557 2420 784 2474 Stephano
823 2420 1046 2476 episeopo,
1082 2426 1313 2475 satagente
1362 2421 1594 2461 floriberto

109 2490 152 2526 et
184 2486 282 2526 aliis
304 2487 379 2542 qui
412 2487 594 2527 aderant
618 2487 828 2528 Franciae
853 2488 1106 2529 comitibus.
1131 2489 1212 2529 Hic
1238 2488 1386 2544 presul
1420 2504 1596 2529 monas-

110 2553 270 2594 terium
292 2554 444 2595 Sancti
467 2554 660 2609 Remigii
686 2570 786 2595 cum
821 2555 1126 2609 adjacentibus
1148 2556 1347 2597 ecclesiis
1366 2556 1435 2597 vel
1453 2556 1595 2596 domi-

109 2620 192 2661 bus
208 2636 334 2662 muro
350 2622 549 2677 cingens,
569 2622 802 2663 castellum
818 2621 983 2664 ibidem
1002 2624 1211 2669 instituit,
1231 2624 1412 2664 domum
1429 2624 1595 2679 episco-

109 2688 255 2743 palem
282 2688 468 2730 cameris
496 2690 932 2748 reparans„picturis
956 2691 1166 2732 excoluit.
1197 2691 1320 2732 Fecit
1346 2696 1387 2731 et
1414 2691 1595 2732 calicem
