1794 2952
703 148 952 175 ArrEmers
1482 136 1497 175 ‘l
1508 135 1561 174 ΕΠ

76 229 141 269 illi
181 228 568 275 Lothariensibus,
607 229 912 284 suscipiuntur
950 244 972 268 a
1028 228 1230 282 Wigerio
1272 229 1564 270 Mettensium

17 286 19 291 i
78 297 296 353 praesule,
322 302 363 336 et
389 312 501 337 uxor
523 297 617 351 ejus
643 297 816 343 Emma,
847 297 965 350 regis
990 296 1173 337 Roberti
1205 296 1310 347 tilia,
1337 298 1513 338 interim
1544 314 1567 337 a

77 364 227 406 Seulfo
253 370 539 406 consecratur
560 365 726 419 regina.
766 365 986 405 lzodulsus
1010 380 1033 405 a
1072 364 1442 406 Lothariensibus
1469 366 1567 422 qui-

77 431 264 473 busdam
291 432 521 473 obsidibus
537 433 733 488 acceptis
760 433 1011 474 revertitur.
1038 433 1099 473 Eo
1125 448 1242 472 anno
1268 433 1390 473 Dado
1408 434 1566 474 Virdu-

76 500 282 541 nensium
312 500 547 556 episcopus
573 501 683 541 obiit
711 501 878 541 exactis
906 501 949 540 in
979 500 1239 556 episcopatu
1264 502 1318 540 138
1344 501 1489 551 annis,
1521 508 1564 542 ct

76 568 190 609 inter
235 568 437 624 sepulcra
486 569 877 624 praedecessorum
927 584 1108 609 suorum
1165 568 1475 624 episcoporum
1517 571 1559 610 in

77 636 257 676 ecclesia
285 637 605 678 SanetiVitoni
634 637 902 692 condignam
927 637 1203 691 sepulturam
1230 637 1406 678 meruit.
1433 637 1562 693 Epis-

75 709 260 759 copatus
294 704 588 745 Yirdunensis
622 705 798 759 Hugoni
835 720 857 745 a
902 704 1094 744 Rodulfo
1133 720 1234 759 rege
1281 706 1555 750 conceditur,

76 772 239 828 quique
257 778 357 828 post
380 773 487 814 haec
516 773 668 813 Remis
693 788 715 813 a
739 772 889 814 Seulfo
907 772 1241 828 archiepiscopo
1260 779 1558 815 consecratur.

136 840 267 880 Anno
291 839 390 887 924,
413 840 652 881 indictione
682 841 746 884 12,
778 841 979 894 Hungari
996 840 1132 881 ductu
1155 840 1272 896 regis
1290 841 1562 896 l'wrengarii,

76 923 206 964 quem
222 908 503 964 Langobardi
525 910 796 964 repulerant,
819 908 993 949 Italiam
1009 908 1354 964 depopulantur,
1383 909 1564 964 Papiam

75 992 252 1032 quoque
287 976 443 1017 urbem
492 977 888 1033 populosissimam
931 981 975 1017 et
1026 976 1418 1031 opulentissimam
1463 978 1565 1031 igne

76 1044 367 1093 succendunt,
412 1045 488 1085 ubi
533 1060 639 1101 opes
681 1045 848 1100 periere
886 1044 1160 1093 innmnerae,
1205 1045 1417 1085 ecclesiae
1457 1062 1567 1101 qua-

75 1111 278 1167 draginta
300 1117 488 1168 quatuor
510 1112 610 1168 igne
637 1127 890 1159 succensae,
916 1111 1038 1152 urbis
1058 1112 1197 1167 ipsius
1215 1113 1450 1169 episcopus
1464 1129 1562 1153 cum

75 1180 371 1226 Yercellense,
389 1181 463 1235 qui
484 1195 631 1221 secum
653 1185 761 1231 erat,
778 1180 878 1236 igne
897 1180 1104 1235 fumoque
1130 1186 1310 1221 necatus
1329 1186 1412 1232 est,
1431 1186 1564 1237 atque

74 1262 126 1287 ex
142 1247 218 1288 illa
240 1263 351 1303 pene
376 1248 687 1288 innumerabili
708 1248 994 1288 multitudine
1017 1248 1196 1288 ducenti
1217 1253 1390 1289 tantum
1413 1265 1565 1305 super-

73 1314 209 1355 fuisse
239 1321 556 1366 memorantur,
602 1315 677 1372 qui
708 1331 759 1356 ex
802 1315 1002 1371 reliquiis
1049 1315 1170 1356 urbis
1208 1316 1414 1357 incensae
1452 1333 1562 1372 quas

73 1383 188 1424 inter
202 1384 370 1424 cineres
392 1384 606 1440 legerant,
628 1384 798 1424 modios
814 1388 913 1424 octo
927 1384 1146 1425 dederunt
1163 1384 1401 1439 Ilungaris,
1423 1385 1561 1425 vitam

72 1456 115 1492 et
144 1467 293 1492 muros
318 1452 512 1492 civitatis
538 1467 701 1492 vacuae
730 1451 1014 1492 redimentes.
1045 1450 1218 1501 Quibus
1246 1452 1450 1508 expletis,
1488 1468 1564 1508 per

72 1519 258 1575 abrupta
279 1520 534 1574 gradientes
573 1520 627 1560 ad
666 1520 852 1575 Alpium
880 1519 984 1576 juga
1027 1520 1310 1575 perveniunt.
1345 1520 1564 1561 Rodulfus

73 1602 176 1627 vero
214 1586 466 1642 Cisalpinae
501 1587 672 1628 Galliae
707 1603 800 1640 rex,
826 1593 866 1628 et
896 1588 1026 1643 Hugo
1051 1603 1126 1628 rex
1156 1587 1423 1629 Viennensis
1452 1588 1566 1629 inter

74 1655 305 1710 augustias
330 1655 511 1696 collium
534 1655 802 1711 Alpinorum
825 1670 900 1696 eos
922 1656 1253 1703 concluserunt,
1276 1656 1391 1696 unde
1420 1656 1565 1712 inopi-

74 1727 178 1763 nato
221 1722 318 1763 loco
351 1738 429 1780 per
461 1723 587 1763 devia
623 1723 879 1769 evadentes,
912 1723 1123 1764 Gothiam
1164 1723 1399 1779 impetunt.
1441 1726 1563 1774 Quos

75 1790 252 1846 sequuti
279 1790 494 1846 praedicti
516 1790 666 1841 duces,
699 1796 905 1832 sternunt
935 1805 1048 1846 quos
1076 1791 1361 1832 invenerunt.
1392 1792 1561 1832 Interea

76 1858 370 1913 Berengarius
393 1873 417 1898 a
446 1858 537 1898 suis
569 1859 817 1914 perimitur,
850 1858 1100 1898 Normanni
1130 1873 1230 1899 cum
1257 1859 1436 1899 Francis
1456 1874 1561 1914 pac-

74 1929 170 1965 tum
198 1924 367 1975 ineunt,
400 1925 502 1966 data
525 1932 652 1982 pacto
683 1926 803 1982 pacis
826 1931 938 1966 terra
969 1925 1331 1980 Cynemannensi
1360 1931 1403 1966 et
1434 1927 1560 1966 Baio-

74 1992 210 2043 censi,
237 1992 439 2048 Hungari
460 2009 565 2034 vcro
588 2010 683 2035 sese
706 1999 749 2035 et
770 1994 964 2050 capitum
984 1993 1211 2034 inflatione
1232 2008 1281 2033 ac
1306 1993 1559 2049 dysenteria

21 2114 23 2116 q
74 2060 221 2100 cuncti
248 2075 386 2115 paene
410 2061 688 2104 interierunt.

133 2128 266 2168 Anno
306 2129 509 2184 sequenti
550 2129 729 2170 seulfus
763 2129 873 2170 obiit
907 2129 1148 2169 Remorum
1180 2129 1558 2185 archiepiscopus,

75 2195 242 2235 exactis
271 2195 313 2235 in
349 2196 608 2253 episcopatu
642 2198 768 2238 annis
800 2197 958 2248 tribus,
995 2196 1151 2237 diebus
1185 2197 1398 2253 quinque.
1425 2197 1562 2238 ,lzollo

76 2262 405 2304 Normanorum
423 2264 822 2319 Rotomagensium
848 2265 1054 2320 princeps
1086 2264 1270 2305 Francia
1298 2264 1565 2320 depraedata

76 2345 231 2386 pacem
258 2330 406 2387 fregit,
431 2338 582 2373 contra
605 2348 737 2388 quem
760 2332 917 2373 Franci
939 2338 1134 2373 castrum
1169 2333 1346 2386 Augam
1366 2332 1563 2387 capiunt.

136 2398 343 2439 IIeinrico
378 2415 553 2455 quoque
588 2400 735 2441 cuncti
767 2416 812 2440 se
850 2400 1162 2441 Lotharienses
1191 2400 1496 2448 committunt,
1523 2404 1565 2440 et

77 2465 170 2520 ipse
198 2466 419 2507 Bernuino
451 2467 647 2507 Dadonis
669 2468 865 2523 episcopi
890 2468 1040 2523 nepoti
1066 2468 1374 2523 episcopatum
1402 2467 1562 2507 Yirdu-

77 2547 261 2573 nensem
286 2534 503 2586 concedit,
529 2535 603 2591 qui
622 2540 665 2576 et
688 2537 873 2591 expulso
898 2536 1104 2591 Ilugone,
1125 2535 1195 2576 cui
1220 2534 1437 2575 flodulfus
1454 2534 1562 2574 illud

77 2599 273 2651 dederat,
302 2600 465 2642 ibidem
502 2603 733 2643 ordinatur
763 2603 998 2659 episcopus
1020 2618 1134 2644 anno
1169 2603 1269 2646 92ἶὶ,
1320 2601 1562 2642 indictione

80 2667 149 2709 13.
175 2667 352 2709 Abhinc
378 2669 628 2711 Virdunum
656 2676 698 2711 et
719 2671 830 2712 aliae
854 2671 1057 2712 civitates
1085 2687 1107 2711 a
1131 2686 1267 2725 regno
1292 2670 1561 2710 Francorum
