1794 2952
179 215 262 257 174
786 223 1034 250 APPEchEs

167 310 316 366 jurare
332 317 364 359 ⁴⁷,
394 304 701 363 presbiterosb
735 304 870 345 etiam
904 319 1006 344 cum
1039 303 1216 344 feminis
1250 303 1465 355 habitare,
1491 308 1533 345 et
1561 303 1663 359 quia

173 380 296 436 digni
324 394 411 419 non
435 381 586 419 essent
613 380 871 416 sanctorum
900 374 1109 430 reliquias
1137 380 1411 416 contrectare
1435 374 1512 431 qui
1544 374 1665 430 ipsas

174 462 350 505 quoque
378 447 550 486 litteras
590 444 862 500 ignorarent,
898 458 1008 498 quas
1042 442 1266 497 legebant.
1298 441 1451 493 Quaec
1480 441 1665 482 veniens

179 515 329 558 retulit
354 513 497 555 eidem
526 511 707 566 Hugoni
741 510 860 566 quod
894 509 978 550 sibi
1006 509 1147 551 fuerat
1180 510 1462 567 imperatum.

239 582 407 623 Deinde
436 581 479 621 in
516 580 611 635 ipsa
657 583 785 619 nocte
833 577 1144 634 Epiphaniae‘l
1182 578 1293 619 vidit
1335 593 1380 619 se
1423 592 1519 618 esse
1549 577 1667 632 apud

178 652 391 694 Sanctum
413 647 684 703 Remigium,
702 645 904 702 viditque
926 645 986 685 ibi
1006 646 1170 687 multos
1194 646 1406 686 collectos
1421 644 1604 686 clericos
1625 648 1668 685 et

179 719 359 759 calicem
385 716 469 757 sibi
494 715 602 764 dari,
628 714 755 770 quasi
770 713 824 754 ad
848 713 1121 754 offerendum
1145 713 1377 754 sacerdoti.
1400 712 1542 764 Quem
1567 727 1668 753 cum

179 786 417 827 obtulisset
429 784 505 824 uni
518 798 686 827 eorum,
703 781 875 838 aspexit
889 781 1000 821 duos
1013 796 1065 822 ex
1080 781 1188 837 ipsis
1202 781 1374 822 clericis
1390 780 1670 835 egredientes

179 860 222 895 et
244 869 340 893 eam
366 867 506 907 usque
529 851 584 891 ad
609 850 835 890 civitatem
865 848 1136 890 deducentes
1158 854 1290 905 atque
1312 849 1355 889 in
1382 847 1640 889 aecclesiam
1655 855 1671 870 ⁴²

180 919 400 963 Sanc-taes
467 918 630 960 Mariae
647 926 666 948 '¹
723 917 1030 973 perducentes,
1097 916 1173 957 ubi
1236 916 1470 972 conspexit
1527 915 1671 955 inesse

182 987 515 1029 multitudinem
566 986 895 1035 (laein‹=nun1¹¹;
947 990 991 1025 et
1032 984 1138 1025 dum
1187 984 1242 1025 ad
1295 985 1480 1025 chorum
1531 997 1672 1038 usque

181 1055 473 1112 pervenisset,
514 1054 626 1094 vidit
666 1068 712 1094 se
751 1068 773 1093 a
814 1052 987 1093 clericis
1015 1053 1148 1108 recipi
1191 1057 1233 1093 et
1270 1067 1373 1092 mox
1407 1066 1561 1091 omnes
1597 1065 1672 1091 eos

183 1123 433 1173 recessisse,
473 1121 674 1178 praeteri
707 1120 807 1161 illos
847 1120 922 1176 qui
962 1135 1060 1160 eam
1092 1119 1381 1171 deduxerant,
1418 1134 1530 1176 quos
1562 1117 1673 1158 vidit

181 1193 320 1232 altare
348 1189 565 1231 Sanctaed'
587 1188 819 1230 Trinitatis
851 1188 972 1228 diseo
1007 1188 1233 1244 operuisse
1263 1192 1395 1244 atque
1425 1186 1603 1232 lavisse,
1631 1190 1675 1226 et

184 1275 296 1316 aqua
322 1258 553 1298 benedicta
579 1257 804 1312 irrigasse,
831 1256 1020 1312 indeque
1051 1256 1189 1297 altare
1223 1254 1447 1297 Sanctaest
1478 1253 1644 1295 Mariae

185 1326 459 1371 circumisse,
506 1325 671 1381 unique
718 1324 916 1380 ipsorum
957 1324 1106 1364 claves
1153 1323 1384 1374 cecidisse,
1424 1337 1534 1378 quas
1578 1336 1674 1362 eam

186 1395 379 1450 recipere
399 1392 715 1449 praecipiebat,
737 1407 900 1448 easque
915 1407 961 1432 se
988 1391 1102 1432 vidit
1126 1391 1363 1446 recepisse,
1389 1390 1465 1431 sed
1484 1388 1675 1430 etlibros

187 1462 365 1504 eosdem
387 1460 571 1502 clericos
598 1465 873 1500 contrectare
889 1459 1085 1509 videbat,
1110 1459 1163 1499 de
1188 1459 1350 1514 quibus
1371 1457 1545 1498 dicebat
1561 1471 1675 1497 unus

188 1546 357 1580 eorum,
398 1544 532 1585 quare
567 1528 672 1569 facti
706 1527 896 1568 fuissent
924 1527 1008 1583 ipsi
1045 1526 1161 1578 libri,
1195 1542 1297 1566 eum
1330 1525 1541 1566 deberent
1580 1539 1675 1564 esse

188 1599 232 1638 in
262 1597 339 1638 tali
364 1597 460 1637 loco
481 1595 557 1635 ubi
586 1610 761 1651 semper
787 1595 1045 1635 viderentur
1074 1601 1231 1650 quaem
1263 1593 1373 1633 inibi
1401 1592 1679 1633 habebantur

190 1665 368 1720 scripta.
389 1664 512 1703 Tunc
533 1662 647 1702 vidit
671 1662 792 1717 ipsos
814 1662 999 1703 clericos
1024 1661 1360 1702 multitudinem
1379 1660 1643 1701 daemonum
1659 1667 1678 1684 '²

189 1733 242 1772 de
289 1732 443 1772 eadem
478 1730 726 1771 aecclesia⁰
767 1729 949 1785 ejecisse
985 1734 1028 1770 et
1071 1734 1195 1770 extra
1243 1728 1437 1769 civitatis
1453 1735 1475 1761 1'
1527 1733 1678 1768 contra

192 1798 461 1839 monasteria
480 1797 731 1853 puellarum
748 1797 988 1853 expulisse,
1021 1797 1170 1853 ibique
1193 1796 1319 1853 quasi
1341 1811 1504 1852 equum
1529 1795 1680 1836 eandi-

191 1866 428 1907 dissimum
443 1873 462 1897 ‘l
491 1865 670 1906 eosdem
687 1865 958 1906 daemones''
974 1865 1015 1904 in
1041 1864 1219 1905 fossatis
1242 1864 1356 1904 muri
1374 1862 1674 1903 conculcasse.

194 1935 241 1975 In
271 1933 586 1974 Puriticatione
619 1947 795 1989 quoque
830 1932 1018 1973 Sanctae
1033 1940 1047 1955 ⁸
1081 1932 1275 1972 Mariae‘
1319 1931 1431 1971 vidit
1467 1936 1600 1971 noctu
1633 1945 1679 1970 se

192 2017 288 2042 esse
310 2001 353 2041 in
375 2000 583 2041 aecclesia
600 2007 616 2024 ¹¹
643 2000 783 2055 ipsius
807 2000 984 2048 villaev,
1016 2004 1059 2040 et
1086 1999 1197 2040 vidit
1212 1998 1271 2039 ibi
1292 1999 1468 2039 beatam
1491 1997 1679 2038 Mariam

192 2074 235 2109 et
270 2068 605 2108 multitudinem
639 2073 895 2108 sanctorum
935 2067 1011 2123 qui
1045 2066 1183 2108 altare
1228 2066 1368 2122 ipsius
1411 2065 1680 2106 aecclesiae-‘v

195 2137 421 2177 destruere
444 2134 726 2185 videbantur,
758 2140 891 2190 atque
913 2134 1092 2189 irrigare
1120 2150 1232 2191 aqua
1266 2133 1499 2174 benedicta
1532 2133 1679 2173 locum

196 2203 335 2259 ipsius
377 2202 544 2246 altaris,
588 2207 630 2242 et
676 2202 757 2242 tria
805 2202 960 2243 altaria
999 2218 1076 2258 pro
1117 2217 1166 2242 eo
1212 2201 1519 2242 restituebant.
1569 2201 1679 2240 Tum

197 2271 377 2327 qnidam
419 2285 586 2320 eorum,
628 2270 950 2324 pulcherrimus
990 2270 1205 2322 omnium,
1256 2284 1301 2309 se
1348 2283 1480 2325 snper
1524 2268 1677 2314 altare,

195 2338 314 2394 quod
348 2337 543 2377 medium
580 2337 837 2378 restitutum
876 2337 1034 2388 suerat,
1074 2336 1399 2392 prosternebat.
1440 2335 1683 2375 Videbatur

241 2471 273 2504 a)
288 2465 379 2495 Noti
396 2465 436 2495 (Ie
448 2475 516 2505 peu
531 2464 747 2504 poste'riem:
772 2475 814 2495 en
834 2474 956 2506 niz-zrje
976 2465 1022 2495 du
1047 2474 1122 2497 ms..
1143 2474 1183 2495 en
1204 2464 1281 2503 face
1302 2464 1343 2494 de
1362 2466 1450 2493 celte
1471 2463 1577 2503 lique.
1591 2481 1624 2484 —
1648 2462 1682 2491 Ι)

203 2507 286 2536 Prc.
279 2506 514 2545 l»to1*‹1:›s,‹›'d.
528 2505 668 2535 Pithon
678 2516 743 2535 -ι
750 2507 845 2545 One
852 2507 909 2538 A.
924 2506 1006 2545 —dji
1018 2506 1225 2545 Epiphanie
1237 2506 1278 2535 A
1288 2505 1368 2544 —e)
1386 2505 1581 2537 ecclesiam
1593 2505 1633 2534 A.
1644 2521 1684 2526 --

200 2548 230 2586 s)
256 2547 373 2577 Sanet·
377 2558 406 2582 υ,
428 2530 467 2576 A.
493 2564 533 2569 -—
555 2547 592 2586 (J)
618 2547 933 2586 Maria..-1.—h)
956 2547 997 2586 de
1003 2556 1157 2579 monum
1184 2548 1292 2576 A.—
1316 2545 1339 2585 i)
1365 2536 1495 2584 piqg‹te1
1521 2545 1562 2575 A.
1589 2562 1629 2566 ——-
1651 2544 1682 2584 j

203 2589 343 2627 Sancte.
372 2589 412 2617 A
435 2588 522 2617 -Ι-
551 2587 691 2626 Sancte
720 2588 761 2616 A
780 2587 849 2617 —I
880 2588 1003 2626 Maste,
1024 2588 1064 2617 A.
1084 2596 1186 2619 —m
1205 2597 1285 2627 que
1305 2587 1348 2616 A
1371 2596 1460 2615 ——n
1480 2587 1683 2625 demonum,

205 2630 247 2658 A.
264 2639 349 2658 —o
366 2629 515 2668 ccclesia
534 2638 625 2658 corn
646 2638 688 2658 en
707 2629 847 2667 eclesia,
866 2630 907 2658 A
923 2639 1012 2668 —p
1026 2629 1201 2666 cixitates,
1223 2630 1252 2649 ³³
1266 2627 1318 2658 ed
1339 2627 1480 2657 Pithon.
1500 2637 1587 2667 —q
1606 2636 1685 2655 can-

204 2670 339 2704 diduni
359 2670 411 2699 e'd.
436 2670 576 2700 Pithon.
596 2687 634 2691 —-
663 2679 692 2701 ι
720 2670 900 2709 demones
921 2670 965 2700 A
993 2687 1033 2691 —
1056 2679 1084 2699 s
1113 2671 1247 2708 sancte,
1267 2669 1308 2698 A.
1330 2670 1413 2697 ——rs
1442 2668 1563 2707 Marie,
1586 2668 1627 2696 A.
1646 2685 1684 2688 ——

206 2721 238 2740 ιι
271 2694 418 2741 «eclesia
447 2711 662 2748 A,ecclesia,
691 2710 747 2740 e'sl.
779 2711 916 2741 Pithon.
934 2728 972 2732 —
996 2718 1026 2740 z
1055 2710 1151 2749 ville
1182 2711 1222 2747 A,
1249 2710 1341 2739 xinae
1367 2709 1454 2746 sic
1474 2708 1525 2738 e'cl.
1544 2708 1684 2738 Pithon.

204 2769 243 2772 —
267 2761 288 2780 r
321 2752 481 2791 (eclesie,
514 2753 563 2782 A:
584 2752 754 2786 ‹.²cclesiz‚t⁸
788 2751 843 2782 ῥά.
865 2752 1005 2781 Pithon.
