1794 2952
20 1079 93 1100 ron.

21 1128 65 1159 iv.

22 1265 78 1294 od.

760 165 1006 192 APPENDICES
1541 153 1617 194 :2011

138 245 220 286 Cui
236 245 414 286 obviam
439 245 662 301 profectus
685 251 751 287 est
782 246 912 301 Ilugo
934 261 1036 287 cum
1051 246 1320 287 Francorum
1345 247 1617 302 proceribus.

138 313 187 354 In
209 314 318 369 ipsis
339 313 528 354 littoreis
544 314 689 354 arenis
706 314 823 370 apud
847 314 1091 354 Bononiam
1109 330 1154 354 se
1176 314 1240 354 illi
1256 315 1560 360 committunt,
1580 322 1623 355 ut

136 387 229 422 erat
252 381 460 437 utrinque
488 381 683 437 pactum.
712 382 816 422 Inde
854 381 1115 422 Laudunum
1152 381 1370 422 deductus
1404 398 1453 422 ac
1492 383 1627 437 regali

137 449 445 490 benedictione
459 450 643 497 ditatus,
665 450 849 505 ungitur
859 455 901 490 et
915 455 1151 490 coronatur
1168 449 1221 490 ab
1236 450 1423 490 Artoldo
1440 451 1626 491 Remen-

139 517 176 558 si
202 517 550 574 archiepiscopo,
568 517 878 573 praesentibus
902 517 1312 573 regniprimoribus
1336 534 1384 557 ac
1404 519 1625 574 episcopis

137 585 307 641 vigenti
339 590 382 626 et
416 585 625 641 amplius.
669 585 773 626 Mox
814 585 1118 639 Burgundiam
1161 586 1341 628 adeunt.
1385 591 1425 626 et
1466 587 1620 627 urbem

137 653 438 707 Linguonum,
493 668 625 709 quam
677 653 807 709 Ilugo
860 653 1034 709 Capito,
1085 652 1220 694 frater
1260 654 1376 707 regis
1423 654 1620 703 llodulti,

136 725 326 777 ceperat,
352 720 582 771 obsident3
599 720 959 777 fugientibusque
974 720 1252 768 custodibus,
1276 721 1369 761 sine
1388 721 1503 762 bello
1525 738 1619 763 eam

136 789 370 845 recipiunt,
396 789 678 844 acceptisque
703 788 934 829 obsidibus
959 788 1012 829 ab
1041 789 1261 845 episcopis
1289 794 1331 829 et
1356 790 1622 845 primatibus

139 856 421 912 Burgundiae
450 857 648 897 parisius
678 857 879 898 redeunt.
916 857 1044 913 Hugo
1073 857 1264 911 Magnus
1299 873 1400 898 cum
1435 858 1623 911 [lug-one

137 924 293 980 Capito
327 924 534 965 Richardi
561 924 667 968 filio,
710 925 871 981 partita
909 925 1025 965 inter
1064 940 1109 965 se
1151 925 1424 979 Burgundia,
1471 941 1622 981 pacem

136 992 317 1033 faciunt.
354 992 457 1033 Post
500 992 737 1048 Hugonem
768 992 925 1048 Capito
951 992 1229 1033 Gislebertus
1265 993 1473 1034 ducatum
1512 994 1625 1034 obti-

137 1061 246 1102 nuit.
270 1060 497 1101 Ludovico
520 1060 657 1116 igitur
679 1061 801 1115 regni
830 1061 1266 1102 administrationem
1296 1076 1400 1101 suae
1424 1061 1623 1102 domina-

132 1128 266 1169 tionis
288 1143 490 1168 exercere
513 1129 724 1184 cupienti.
742 1128 928 1169 nimium
948 1129 1022 1169 illa
1045 1128 1262 1169 laboriosa
1283 1129 1382 1172 fuit.
1408 1135 1497 1169 tam
1514 1130 1581 1169 sui
1600 1146 1622 1169 a

134 1196 348 1237 Tetbaldo
380 1196 723 1237 Carnotensium
754 1197 915 1237 comite
947 1197 1166 1252 captione,
1199 1212 1332 1252 quam
1360 1202 1461 1252 post
1493 1197 1617 1252 regni

135 1264 514 1320 recuperationem
535 1264 656 1304 vario
678 1264 901 1305 instabilis
925 1264 1126 1305 fortunae
1155 1270 1389 1320 proventu.
1412 1265 1620 1305 Heinrico

136 1332 271 1385 igitur
301 1347 463 1386 magno
492 1332 757 1387 imperatore
797 1331 880 1372 sub
908 1332 1065 1373 iisdem
1096 1332 1253 1373 diebus
1285 1332 1492 1380 obeunte,
1517 1349 1622 1373 con—

136 1400 274 1441 tentio
309 1399 424 1440 inter
463 1399 577 1440 tilios
608 1399 703 1455 ejus
732 1399 784 1440 de
824 1415 961 1454 regno
1006 1400 1215 1455 agitatur.
1254 1399 1421 1441 Othoni
1472 1406 1621 1442 tamen

134 1472 241 1508 natu
269 1467 423 1507 maiori
448 1483 593 1508 rerum
620 1483 795 1508 summa
829 1467 1026 1510 obvenit.
1057 1468 1259 1509 Johanne
1294 1484 1471 1524 quoque
1506 1484 1618 1525 papa

132 1535 329 1576 Alberici
360 1535 533 1591 patricii
563 1534 694 1576 fratre
726 1535 953 1578 defuncto,
986 1536 1073 1576 Leo
1099 1536 1136 1575 V
1164 1536 1374 1582 succedit,
1416 1541 1455 1577 et
1486 1536 1616 1591 Ilugo

129 1619 204 1644 rex
220 1602 371 1644 ltaliae
396 1618 419 1643 a
449 1603 589 1643 Roma
612 1603 792 1649 recedit,
814 1619 918 1659 pace
936 1604 1048 1645 facta
1068 1619 1168 1644 cum
1185 1603 1395 1645 Alberico
1413 1605 1613 1659 patricio.

188 1671 319 1711 Anno
349 1670 402 1711 ab
435 1670 519 1711 inc.
552 1671 682 1713 Dom.
725 1670 824 1713 937.
856 1671 1111 1712 Ludovicus
1141 1687 1212 1712 rex
1243 1671 1296 1711 ab
1333 1672 1537 1727 Ilugonis
1571 1689 1616 1713 sc

129 1738 436 1794 procuratione
474 1744 664 1794 separat.
708 1739 770 1779 Eo
807 1754 922 1779 anno
960 1739 1069 1779 caeli
1110 1754 1210 1795 pars
1238 1739 1390 1779 ardere
1424 1740 1536 1784 visa,
1573 1745 1615 1781 et

128 1805 182 1847 ab
224 1806 378 1846 eadem
423 1811 544 1861 parte
576 1806 891 1861 Hungarorum
923 1807 1208 1863 persequutio
1252 1807 1489 1863 insequuta
1532 1814 1617 1854 est,

130 1889 215 1929 qua
237 1873 370 1914 villae
389 1879 432 1914 et
452 1873 546 1929 agri
565 1873 839 1930 depopulati,
868 1874 1027 1914 domus
1054 1874 1352 1930 basilicaeque
1377 1876 1620 1929 conflagra-

130 1946 215 1989 tae,
265 1942 542 1997 captivorum
601 1940 792 1982 abducta
841 1941 1098 1982 multitudo.
1157 1942 1409 1982 Nonnullas
1470 1948 1618 1983 tamen

130 2009 339 2050 ccclesias
356 2008 532 2063 ignibus
553 2008 777 2064 applicitis
794 2009 1060 2049 succendere
1078 2009 1389 2065 nequiverunt.
1409 2009 1456 2050 In
1478 2010 1619 2051 ecclc-

130 2077 191 2116 sia
209 2076 361 2117 Sancti
389 2076 536 2117 Basoli
559 2092 659 2117 cum
687 2077 868 2132 quidam
888 2077 1203 2131 Hungarorum
1225 2077 1463 2118 ascendere
1487 2094 1619 2134 super

127 2143 265 2184 altare
289 2144 435 2184 nitens
456 2159 606 2185 arcum
630 2159 764 2185 manu
791 2144 1095 2200 applicuisset,
1122 2160 1281 2186 manus·
1304 2145 1400 2200 cjus
1417 2145 1617 2186 adhaesit

128 2210 279 2267 lapidi,
311 2226 389 2252 nec
414 2211 594 2252 omnino
620 2212 764 2267 quivit
792 2212 941 2264 avelli,
965 2212 1105 2253 donec
1139 2213 1297 2253 ceteris
1330 2229 1487 2254 saxum
1509 2214 1622 2254 circa

132 2294 311 2319 manum
331 2279 976 2335 ipsamincidentibuspartem
1000 2280 1141 2336 ipsam
1167 2281 1325 2336 lapidis
1350 2281 1390 2320 in
1415 2281 1614 2321 omnium

131 2346 424 2387 admiratione
450 2347 640 2402 perferre
669 2353 901 2399 cogeretur
923 2348 1142 2389 ethnicus.
1175 2348 1367 2399 Quidam
1393 2348 1626 2403 presbyter

131 2419 289 2469 captus
320 2414 374 2454 ab
414 2414 476 2454 eis
504 2419 545 2455 et
586 2414 779 2455 vinculis
816 2414 1026 2470 alligatus
1064 2416 1337 2456 revelatione
1379 2416 1527 2455 divina
1557 2422 1618 2456 cst

132 2479 360 2522 liberatus,
382 2481 467 2531 Qui
491 2487 725 2536 postquam
750 2482 939 2538 patriam
961 2483 1232 2538 domumque
1257 2484 1448 2539 repetiit.
1471 2483 1621 2524 retulit

133 2547 176 2587 in
190 2548 344 2588 cadem
358 2549 615 2604 captivitate
629 2548 765 2590 fuisse
778 2550 1047 2591 monachum
1071 2551 1310 2606 quendam.
1338 2550 1619 2590 Ilucbaldum

133 2615 327 2665 nomine,
354 2615 619 2657 Orbacensis
643 2616 860 2667 coenobii,
880 2633 1012 2674 quem
1038 2618 1269 2658 multoties
1292 2618 1457 2658 ethnici
1485 2618 1618 2658 truci—

134 2682 237 2723 dare
284 2682 539 2735 voluerunt,
583 2689 625 2725 et
659 2699 835 2725 carnem
868 2685 963 2741 ejus
997 2685 1191 2726 incidere
1234 2700 1320 2725 non
1364 2685 1615 2727 valuerunt.
