1794 2952
701 162 949 189 APPENDOEES
1183 154 1186 157 “
1503 149 1549 190 17
1560 150 1584 190 5

92 248 226 284 etlam
249 243 371 299 loqui
392 258 493 283 cum
515 243 718 298 praesule
741 248 908 295 nostro,
942 243 1148 299 Hugone,
1180 243 1457 299 praecipiens
1477 244 1515 285 ei
1536 249 1584 284 ut

91 311 239 367 ipsum
279 312 426 351 locum
460 315 712 360 exornaret,
739 310 939 366 viditque
977 310 1037 351 ibi
1082 312 1419 352 multitudinem
1447 311 1583 351 libro—

93 394 206 429 rum,
233 384 276 419 et
298 379 426 435 quasi
450 394 582 434 super
602 378 722 434 ipsos
746 378 882 419 libros
899 379 1090 419 eundem
1106 379 1359 434 praesulem
1382 384 1585 420 nostrum

91 446 438 487 accubitantem.

154 515 330 560 Postea,
366 514 559 570 quadam
587 514 810 554 (lominica
839 519 983 559 nocte,
1012 514 1125 555 vidit
1153 514 1208 555 ad
1243 529 1288 555 se
1322 515 1363 555 in
1401 515 1583 556 domum

92 582 232 638 patris
278 582 346 622 sui
398 581 701 637 ingredientes
718 590 734 606 ‘¹
785 587 991 622 sanetum
1042 582 1223 623 Petrum
1281 587 1323 623 et
1381 588 1585 623 sanctum

93 648 337 690 Martinum
384 664 482 689 cum
529 649 683 689 multis
730 648 844 699 aliis,
886 648 1157 705 videbatque
1204 648 1264 689 ibi
1301 648 1388 690 duo
1434 649 1586 690 haberi

91 715 263 766 altaria,
289 732 428 757 unum
449 721 552 756 ante
592 716 730 757 altare
760 716 970 772 positum,
1007 721 1050 758 et
1087 732 1133 757 se
1165 717 1425 758 offerentem
1465 717 1586 758 obla-

92 785 263 825 tionem
290 799 432 825 suam.
464 784 567 824 Alia
607 784 702 825 vice
728 784 839 824 vidit
867 784 994 840 quasi
1019 800 1172 825 cruces
1197 784 1302 825 illuc
1336 785 1512 834 deferri,
1543 791 1586 826 et

90 867 254 908 aquam
291 851 588 892 clarissimam
633 852 817 907 perinde
858 867 1047 903 currere,
1083 857 1125 893 et
1145 853 1257 893 duas
1286 868 1391 894 aves
1431 853 1585 893 candi-

90 919 297 960 dissimas
322 919 366 959 in
391 919 546 960 eadem
567 934 681 976 aqua
707 935 753 959 se
775 920 973 975 accipere
995 935 1236 976 secumque
1259 920 1443 961 deferre.
1473 921 1584 961 Item

91 987 204 1028 vidit
229 1002 273 1028 se
302 1002 398 1028 esse
419 987 464 1027 in
492 987 683 1042 quodam
712 1002 898 1027 amoeno
927 987 1040 1035 loco,
1071 987 1312 1044 velumque
1336 989 1514 1044 nigrum
1540 1003 1586 1029 se

91 1070 225 1110 super
251 1059 383 1111 caput
412 1054 599 1106 habere,
624 1054 676 1096 de
704 1070 791 1111 quo
816 1070 916 1095 cum
951 1056 1228 1112 requisisset,
1269 1056 1441 1097 audivit
1467 1057 1585 1112 quod

92 1123 185 1163 fieri
212 1138 360 1163 nonna
381 1122 578 1164 deberet.
609 1123 657 1163 In
680 1127 808 1163 nocte
837 1138 940 1164 vero
971 1123 1240 1164 parasceves
1267 1129 1368 1165 ante
1398 1125 1581 1171 Pascha,

91 1190 203 1231 vidit
242 1206 287 1232 se
328 1206 424 1232 esse
467 1195 570 1231 ante
617 1191 840 1246 quendam
885 1192 1034 1231 locum
1092 1191 1351 1232 horribilem
1397 1197 1438 1232 et
1483 1192 1584 1247 igne

89 1258 324 1314 repletum,
346 1264 447 1299 ante
467 1274 597 1315 quem
628 1274 733 1299 crux
761 1264 854 1300 erat
876 1259 1038 1315 posita,
1057 1274 1109 1299 ex
1126 1275 1214 1300 una
1236 1264 1359 1315 parte
1377 1260 1581 1311 candida,

89 1341 143 1367 ex
171 1326 324 1377 altera,
364 1342 449 1382 qua
478 1326 624 1383 ipsum
655 1326 802 1367 locum
837 1327 1166 1383 prospectabat,
1191 1327 1336 1382 ignea.
1373 1328 1418 1368 In
1453 1343 1583 1383 quem

90 1394 239 1434 locum
281 1394 519 1435 intromitti
556 1394 736 1435 videbat
777 1394 943 1435 multos
983 1410 1004 1435 a
1049 1395 1342 1436 daemonibus
1360 1395 1393 1440 ¹¹,
1435 1396 1585 1451 plures

90 1467 240 1502 tamen
277 1467 317 1502 et
358 1461 549 1518 majores
586 1462 703 1503 foras
752 1463 1037 1507 remansisse,
1087 1463 1385 1519 audiebatque
1427 1479 1582 1504 vocem

90 1529 328 1581 dicentem,
367 1529 488 1586 quod
525 1530 570 1570 hi
601 1534 753 1571 essent
789 1530 1089 1571 archidiaconi
1121 1535 1163 1571 et
1196 1531 1437 1587 praepositi
1468 1531 1586 1586 judi-

90 1612 252 1653 cesque
271 1602 313 1638 et
336 1598 528 1653 majores
555 1601 688 1654 atque
705 1598 876 1649 decani,
906 1613 1018 1654 quos
1040 1598 1100 1639 ibi
1123 1598 1301 1640 videbat
1320 1599 1580 1640 residentes.

152 1665 278 1709 Item,
302 1666 458 1722 quinta
480 1664 586 1706 feria
616 1665 840 1722 paschalis
869 1665 971 1707 festi
1002 1666 1184 1708 videbat
1205 1666 1292 1707 duo
1323 1682 1430 1708 vasa
1460 1667 1585 1723 legu—

91 1733 210 1773 mine
234 1733 380 1789 plena,
404 1748 542 1774 unum
556 1733 657 1789 pisi,
677 1733 868 1774 alterum
893 1733 1043 1786 lentis,
1063 1750 1116 1775 ex
1139 1734 1302 1791 quibus
1315 1735 1554 1775 elemosina
1574 1744 1587 1759 “

89 1800 455 1847 distribuebatur,
478 1806 521 1842 et
542 1816 621 1841 vas
638 1801 769 1842 lentis
784 1801 1142 1853 exhauriebatur,
1168 1818 1246 1843 vas
1268 1818 1372 1843 vero
1389 1803 1474 1858 pisi
1499 1818 1584 1843 non

89 1868 337 1910 deficiebat.
363 1869 490 1921 Item,
519 1884 568 1909 ea
587 1874 715 1909 nocte
737 1884 821 1924 qua
849 1884 955 1910 crux
980 1869 1126 1910 ablata
1155 1870 1237 1910 fuit
1266 1869 1320 1910 ab
1341 1870 1586 1911 aecclesia‘¹

90 1936 282 1978 Sanctae
298 1944 312 1962 e
330 1936 495 1978 Mariae
511 1936 528 1969 s
544 1937 712 1987 Remis,
738 1936 920 1978 videbat
943 1952 987 1977 se
1011 1952 1107 1978 esse
1126 1937 1181 1978 ad
1200 1942 1372 1994 portam
1390 1939 1585 1979 civitatis

89 2004 398 2045 Trevirensem
438 2004 620 2057 dictam,
665 2009 707 2046 et
744 2004 886 2061 ipsam
929 2020 1103 2046 erucem
1147 2005 1251 2046 ferri
1288 2022 1310 2047 a
1334 2007 1584 2062 nigerrimi„-

90 2072 345 2112 hominibus
376 2072 513 2113 linteo
547 2077 697 2112 tamen
736 2073 925 2113 candido
969 2078 1240 2129 coopertam,
1289 2074 1583 2130 audiebatque

90 2154 246 2180 vocem
280 2139 549 2194 rogitantem
576 2139 684 2196 quid
712 2146 807 2181 tum
824 2148 843 2172 Ν
874 2140 1100 2181 adoraturi
1135 2141 1209 2182 isti
1240 2141 1345 2182 boni
1382 2142 1585 2182 homines

91 2212 256 2253 essent,
288 2213 332 2248 et
362 2222 575 2262 personas
603 2207 655 2248 de
690 2208 844 2248 eadem
881 2223 1008 2249 cruce
1040 2210 1361 2250 contendentes
1396 2210 1581 2260 audivit,

91 2274 322 2330 ipsamque
356 2290 529 2316 crucem
559 2275 613 2316 ab
644 2275 730 2326 his,
769 2275 845 2331 qui
874 2291 970 2316 eam
1004 2276 1272 2323 detulerant,
1307 2277 1579 2317 auferebant.

92 2341 254 2382 Postea
268 2342 395 2389 vidit,
418 2343 501 2383 alia
518 2348 662 2394 nocte,
686 2343 845 2383 iterum
861 2343 1047 2383 eandem
1070 2360 1115 2385 se
1138 2345 1349 2387 tenuisse.
1370 2350 1407 2384 et
1437 2344 1584 2384 subito

92 2409 393 2465 disparuisse;
426 2410 553 2465 cujus
576 2411 719 2451 crucis
738 2426 896 2451 aurum
919 2417 1072 2466 postea
1105 2427 1156 2452 ex
1189 2418 1309 2468 parte
1340 2418 1580 2466 repertum,

93 2477 333 2532 Remisque
360 2478 549 2518 relatum
577 2483 658 2529 est,
686 2482 729 2518 et
753 2478 934 2534 quidam
964 2479 1093 2535 hujus
1124 2485 1327 2521 auctores
1360 2479 1581 2533 sacrilegii

92 2544 209 2599 capti
231 2549 363 2600 atque
383 2545 623 2601 suspendio
640 2546 897 2602 interempti
920 2551 1039 2588 sunt.

135 2655 150 2674 a
182 2646 439 2684 ingredientem
462 2647 511 2677 sir
531 2672 537 2677 .
556 2647 610 2677 e'd.
630 2648 770 2677 Pithon.
785 2647 854 2677 —IJ
880 2648 1104 2686 demonibus,
1123 2650 1246 2678 .1.—‹*
1276 2648 1580 2678 eleeinosvnaae'd.

94 2684 326 2717 Pinum-11
361 2688 521 2727 ecelesia,
541 2689 566 2718 Α
582 2698 588 2719 z
605 2689 768 2719 ccclesia.
788 2688 845 2719 ῥά.
870 2689 1010 2719 Pithon.
1028 2707 1067 2711 —
1085 2700 1101 2719 e
1131 2690 1270 2727 Sancte,
1293 2691 1332 2719 ,1.
1349 2707 1388 2711 -
1407 2682 1437 2727 l*
1460 2690 1581 2726 Μανῆς.

94 2727 134 2756 Α.
154 2736 229 2769 ·—9
273 2729 367 2765 (lum,
401 2731 431 2758 :²⁶
448 2729 500 2759 etl.
522 2730 663 2760 Pithon.
