1794 2952
669 174 970 203 INTRODL'CTION
1511 176 1570 204 XV

78 257 133 298 20
147 256 379 298 decembre
413 255 513 307 976,
545 255 718 297 celebre
747 270 827 311 par
854 271 934 296 son
962 260 1087 296 vaste
1118 256 1281 305 savoir,
1314 261 1358 298 et
1382 257 1571 299 Ratlzier

77 335 130 375 (le
152 334 334 380 Ve'rone,
351 333 427 389 qui
439 332 546 374 etait
559 348 614 373 611
631 332 844 373 relations
860 332 1166 389 scientitiques
1180 348 1286 374 avec
1301 333 1525 375 Flodoard
1539 334 1566 376 ¹.

79 411 114 452 Il
142 415 209 452 est
231 411 500 451 interessant
524 409 577 450 de
598 414 829 466 rapporter
849 410 886 449 la
915 409 1043 450 lettre
1066 409 1119 451 de
1142 409 1366 461 dedicace,
1392 426 1465 451 car
1486 410 1571 452 elle

71 487 183 543 jette
203 487 396 544 quelque
409 486 593 527 1111111616
613 502 688 527 sur
700 486 764 527 les
777 486 937 527 details
957 486 1139 527 intimes
1157 486 1210 528 de
1229 486 1270 528 la
1286 487 1355 528 vie
1374 487 1428 528 de
1444 491 1571 529 notre

75 569 233 605 auteur
252 577 259 606 2
276 563 316 604 le
332 563 445 604 froid
467 563 571 604 cl'un
588 563 717 604 hiver
732 563 969 618 rigoureux
991 568 1036 604 et
1057 563 1097 604 13
1120 567 1261 604 131616
1281 564 1359 605 (165
1374 564 1570 620 copistes

74 640 394 681 l'entraverent
415 640 526 681 dans
554 655 635 681 son
659 639 836 681 travail.

130 734 308 771 Domino
338 733 575 779 venerabili,
607 738 645 771 et
677 734 717 770 in
737 733 891 771 Christi
916 733 1090 771 karitate
1113 733 1336 771 admodum
1360 733 1567 785 diligibili,

76 804 260 856 preclaro
303 805 454 856 presuli
489 804 538 843 R.
583 805 852 851 Flodoardus,
896 809 1034 842 tantae
1076 804 1344 855 benignitatis
1374 805 1568 852 famulus,

76 888 197 913 omne
223 880 457 914 sanctarum
481 875 682 912 virtutum
710 875 750 912 in
776 875 944 913 Christo
971 875 1184 926 gaudium.

130 946 400 984 Creberrimis
423 946 753 984 admonitionum
778 952 1008 984 vestrarum
1029 946 1207 984 stimulis
1234 946 1468 997 instigatus,
1492 947 1573 985 (115-

75 1031 193 1055 cusso
217 1017 379 1055 tandem
400 1016 578 1055 desidiae
600 1017 833 1068 pigritantis
849 1022 1028 1069 torpore,
1049 1017 1570 1069 abjectisquediversarum

74 1102 267 1125 curarum
288 1088 632 1139 occupationibus
664 1088 800 1137 relego
837 1088 1035 1125 ferventis
1058 1088 1185 1126 studii
1209 1088 1335 1126 vestri
1363 1089 1571 1126 sollertiae

76 1158 351 1210 quadrifidum
375 1159 505 1196 nostri
530 1158 680 1195 laboris
701 1172 804 1210 opus
825 1158 1114 1210 undecumque
1137 1159 1356 1197 collectum
1386 1165 1423 1197 et
1461 1160 1573 1211 capi-

79 1229 254 1276 tulatim,
283 1234 405 1280 prout
426 1230 574 1281 jubere
600 1229 755 1279 dignati
786 1230 898 1273 estis,
932 1229 1195 1281 dispositum.
1224 1235 1387 1268 nostrae
1415 1230 1573 1268 scilicet

78 1300 281 1338 Ecclesiae
306 1300 519 1337 Remensis
542 1300 806 1338 historiarum
833 1300 997 1337 librum.
1026 1300 1143 1338 Haud
1167 1301 1302 1338 mirari
1326 1301 1571 1352 velcumque

75 1375 216 1422 petens
239 1371 498 1408 sanctitatem
525 1370 718 1408 culminis
752 1371 878 1408 vestri
905 1385 1029 1422 snper
1055 1371 1130 1408 hac
1156 1371 1433 1409 remoratione
1454 1372 1571 1410 obse-

73 1441 158 1493 quii
186 1441 330 1487 nostri,
365 1446 507 1492 utpote
541 1441 714 1478 diversis
749 1441 1094 1493 occupationibus
1138 1442 1359 1494 prepediti,
1402 1443 1569 1481 hiemali

72 1525 236 1564 quoque
255 1512 436 1562 glacialis
458 1512 550 1561 gelu
574 1512 718 1562 rigoris
738 1512 943 1557 obstricti,
966 1517 1254 1550 caraxatorum
1282 1513 1570 1564 insuperindi-

73 1583 211 1631 gentia
233 1583 418 1621 coartati.
443 1583 585 1634 Neque
611 1583 776 1626 mirum,
803 1597 866 1620 me
890 1583 1061 1621 nimium
1096 1583 1135 1620 in
1168 1584 1425 1622 correctione
1462 1598 1572 1622 meo-

73 1667 163 1691 rum
195 1659 325 1691 terere
348 1667 481 1692 moras
504 1654 814 1706 opusculorum,
839 1668 933 1692 cum
968 1659 1154 1692 veterum
1189 1655 1377 1692 nonnulli
1399 1656 1573 1707 scripto-

72 1738 161 1761 rum
184 1725 312 1775 magis
331 1725 370 1762 in
396 1725 689 1763 retractatione
716 1739 900 1771 suorum,
926 1739 1050 1777 quam
1077 1726 1349 1763 meditatione
1366 1726 1570 1764 demorati

74 1796 258 1833 ferantur
288 1795 501 1834 librorum.
529 1796 607 1833 Sed
635 1810 708 1833 nec
733 1796 867 1835 adhuc
889 1810 1031 1834 omnes
1055 1796 1103 1834 ad
1130 1797 1360 1848 perfectum
1384 1811 1447 1835 me
1471 1802 1571 1849 puto

74 1865 304 1904 eliminasse
332 1866 500 1904 mendas
520 1879 527 1913 3
547 1872 587 1904 et
611 1867 642 1904 si
666 1881 745 1918 qua
776 1868 1036 1919 reperientur
1066 1868 1280 1919 scriptoris
1316 1868 1421 1905 forte
1449 1868 1568 1915 vicia,

73 1937 297 1975 industriae
322 1943 482 1975 vestrae
500 1943 700 1989 poterunt
724 1938 942 1990 expurgari
972 1938 1146 1987 sagacia.
1183 1939 1275 1976 Non
1295 1939 1404 1976 enim
1427 1953 1491 1976 me
1517 1939 1571 1977 ita

73 2008 301 2059 perfectum
318 2022 409 2047 reor
422 2008 470 2046 ad
492 2022 670 2057 unguem
691 2010 778 2046 fore
803 2014 1168 2060 perscrutatorem,
1184 2014 1227 2047 ut
1247 2010 1350 2047 ferre
1373 2010 1514 2057 nolim,
1538 2010 1568 2047 si

73 2092 194 2129 quem
215 2079 519 2129 diligentiorem
540 2080 579 2116 in
596 2079 813 2117 elimandis
830 2080 948 2118 viciis
962 2080 1160 2118 invenero
1177 2085 1469 2118 correctorem.
1494 2081 1570 2131 Igi-

75 2154 139 2186 tur
150 2150 246 2201 quia
264 2151 493 2187 sanctitatis
509 2158 668 2188 vestrae
687 2151 794 2188 circa
816 2151 1050 2189 tantitatem
1070 2156 1251 2189 nostram
1271 2152 1437 2203 profusa
1457 2152 1571 2189 vide-

74 2225 139 2257 tur
157 2221 400 2258 exuberasse
422 2220 604 2269 dilectio,
624 2221 732 2259 1111116
747 2222 873 2259 studii
890 2223 1017 2260 nostri
1036 2223 1232 2263 fructum,
1254 2223 1378 2260 vestri
1396 2223 1568 2272 (lignum

76 2290 173 2328 duxi
192 2292 405 2329 tutaminis
427 2292 615 2343 delegare
637 2293 885 2344 patrocinio,
907 2298 951 2330 ut
968 2307 1072 2344 quae
1095 2308 1114 2331 a
1135 2299 1273 2331 nostra
1288 2299 1379 2331 sunl
1405 2294 1514 2331 dicta
1532 2294 1571 2331 111

78 2362 254 2399 tenebris
280 2362 526 2407 humilitate,
541 2363 590 2400 ab
612 2363 840 2401 industriae
867 2369 1026 2402 vestrae
1046 2364 1298 2402 sublimitate
1322 2364 1513 2402 dicantur
1533 2365 1570 2402 111

82 2431 249 2471 lumine.

135 2520 253 2563 C’est
276 2523 317 2564 la
338 2523 566 2564 meilleure
588 2523 770 2565 histoire
789 2524 971 2581 (l'eglise
991 2524 1068 2565 des
1089 2529 1232 2581 temps
1252 2524 1567 2578 carolingienS,

76 2602 121 2639 et
142 2613 228 2639 une
260 2599 378 2640 mine
418 2600 695 2656 inepuisal)le
728 2617 840 2657 pour
872 2601 1091 2642 l'histoire
1120 2601 1335 2658 politique
1372 2606 1413 2642 et
1452 2601 1570 2642 litte—

118 2748 146 2775 1.
174 2746 265 2786 Voy.
289 2747 367 2786 plus·
386 2747 484 2778 113111,
506 2758 592 2787 page
612 2758 685 2779 vin.
