1794 2952
745 142 992 169 ArrssNnncsss
1533 133 1606 175 191

113 238 215 264 cum
260 222 369 278 ipsis
422 222 606 263 Erluino
656 238 757 263 cum
803 227 926 278 parte
976 222 1170 264 militum
1206 225 1400 277 Arnulti,
1449 227 1526 267 scd
1570 234 1613 269 et

113 290 302 331 Artoldo
328 291 537 347 episcopo
566 305 667 331 cum
696 290 764 330 his
786 291 861 346 qui
885 290 1055 331 dudum
1078 291 1232 332 Remis
1260 292 1391 347 ejecti
1418 294 1607 339 fuerant.

112 358 275 399 comite
297 374 474 414 quoque
492 358 716 399 Bernardo
735 374 783 398 ac
800 358 1259 415 Theoderico,nepote
1285 360 1611 416 ipsius‚l{emo-

113 442 211 467 rum
239 426 376 467 vallat
403 426 575 467 urbem.
602 426 848 466 Yastantur
870 427 1218 483 circumquaque
1242 434 1432 482 segetes.
1458 430 1611 471 villae-

114 510 198 550 que
250 493 522 549 diripiuntur
573 498 616 533 et
655 493 816 549 partim
866 500 1129 542 exuruntur,
1172 510 1344 536 necnon
1399 499 1610 539 ecclesiae

113 561 263 618 plures
288 562 600 617 effringuntur.
630 560 848 611 Quotiens
869 567 1119 617 pugnatum
1145 563 1200 603 ad
1222 569 1372 619 portas
1400 565 1466 606 vel
1497 566 1610 607 circa

115 645 306 676 murum,
328 630 551 670 vulnerati
578 644 631 669 ex
650 635 836 685 utraque
862 636 985 686 parte
1007 645 1095 671 non
1117 631 1261 686 pauci,
1281 632 1461 687 quidam
1478 634 1611 674 etiam

113 697 369 753 interempti
389 702 507 738 sunt.
527 698 656 752 Hugo
677 697 868 753 denique
898 697 986 738 dux
1003 698 1217 753 preliatus
1242 714 1343 740 cum
1359 700 1611 741 Nordman—

114 766 196 815 nis,
223 766 298 821 qui
331 766 441 805 {ines
470 781 574 806 suos
605 765 795 820 ingressi
826 765 1017 815 fuerant,
1050 781 1125 806 eos
1160 782 1245 807 non
1277 768 1451 809 modica
1478 769 1610 810 caede

114 833 226 873 fudit
262 838 304 874 et
326 849 349 874 a
376 833 579 873 terminis
601 833 692 873 suis
718 833 862 888 ejecit.
893 833 1001 874 Post
1036 834 1142 875 haec
1174 834 1341 876 Remos
1378 836 1433 877 ad
1460 852 1609 893 regem

113 901 266 954 mittit,
292 901 403 941 dans
426 900 619 952 obsides,
646 906 695 942 ut
716 901 1006 956 Ragenoldus
1030 917 1085 943 ex
1109 907 1234 958 parte
1260 904 1377 960 regis
1402 905 1456 945 ad
1475 905 1610 946 collo-

117 969 271 1024 quium
317 968 401 1009 sibi
449 973 664 1011 occurrat.
703 968 800 1018 Quo
842 969 1049 1021 abeunte,
1088 975 1252 1012 tractat
1297 987 1399 1012 cum
1437 988 1503 1024 eo,
1542 973 1609 1014 uti

115 1053 190 1077 rex
208 1036 387 1077 obsides
402 1037 456 1077 ab
474 1037 664 1093 Hugone
680 1037 1012 1094 archiepiscopo
1035 1039 1223 1094 accipiat
1246 1045 1290 1080 et
1305 1039 1359 1080 ab
1377 1040 1609 1081 obsidione

114 1105 325 1145 Remensi
374 1104 587 1156 discedat,
650 1109 871 1161 quatenus
923 1105 1041 1147 idem
1094 1107 1260 1162 presul,
1320 1108 1608 1149 denominato

115 1173 292 1229 placito,
319 1173 373 1213 ad
392 1173 663 1213 reddendam
684 1173 901 1214 rationem
924 1173 977 1214 de
1006 1174 1214 1216 omnibus
1237 1191 1348 1231 quae
1377 1192 1453 1217 rex
1478 1176 1532 1217 ab
1557 1192 1608 1217 eo

114 1241 355 1296 quaesierit
387 1241 579 1281 accedat.
617 1239 789 1290 Quibus
826 1241 909 1281 hoc
949 1241 1034 1282 sibi
1074 1247 1227 1283 tenore
1261 1243 1394 1289 datis,
1444 1260 1520 1285 rex
1555 1244 1608 1285 ab

115 1308 344 1349 obsidione
408 1309 589 1357 recedit,
637 1313 740 1365 post
790 1309 993 1365 quintam
1042 1310 1261 1351 decimam
1312 1327 1397 1367 qua
1450 1312 1609 1353 civitas

115 1376 296 1417 obsessa
324 1376 467 1417 fuerat
488 1376 620 1417 diem.
653 1376 746 1417 Nec
768 1376 909 1417 multo
938 1383 1053 1432 post,
1082 1378 1200 1419 idem
1219 1394 1295 1420 rex
1314 1395 1337 1420 a
1359 1379 1608 1421 Nordman-

115 1445 183 1485 nis
218 1445 566 1500 comprehensus
600 1449 667 1485 est
706 1449 749 1485 et
784 1445 975 1485 Rodomi
1009 1446 1235 1488 detentus.
1280 1448 1411 1502 Hugo
1457 1448 1608 1504 presul

114 1512 394 1554 Altmontem
424 1517 620 1553 castrum
664 1512 889 1563 obsidens,
916 1519 1019 1569 post
1044 1519 1216 1570 septem
1245 1515 1383 1556 ferme
1412 1515 1607 1556 obsidio-

116 1581 184 1621 nis
211 1580 481 1621 ebdomadas
510 1580 680 1636 recipit,
715 1581 927 1622 reddente
962 1581 1075 1622 illud
1103 1582 1187 1623 sibi
1222 1583 1424 1630 Dodone,
1455 1583 1608 1624 domni

116 1648 293 1689 Artoldi
314 1648 462 1693 fratre,
491 1648 569 1689 tali
591 1648 673 1689 sub
695 1649 965 1701 conditione,
994 1655 1044 1691 ut
1070 1650 1208 1691 filium
1232 1651 1373 1707 ipsius
1402 1656 1444 1692 et
1466 1652 1608 1692 filium

115 1716 262 1757 fratris
293 1717 361 1756 sui
392 1716 654 1772 suscipiens,
691 1716 809 1757 idem
857 1717 1007 1772 presul
1055 1719 1315 1760 concederet
1348 1720 1410 1760 eis
1444 1725 1608 1760 terram

116 1790 290 1841 patrum
315 1799 510 1825 suorum.

229 1924 317 1964 Lm.
352 1923 426 1975 IV,
449 1938 483 1964 c.
516 1937 670 1964 xxxui.
705 1937 755 1963 DE
790 1937 1046 1964 iufirrhsloxn
1080 1938 1263 1966 utcoxis
1298 1938 1495 1967 Erlscori.

3 2054 86 2087 ales,
172 2044 339 2085 Yidens
370 2050 519 2085 autem
545 2044 676 2099 Hugo
712 2044 863 2100 presul
895 2043 1175 2086 obsidionem
1217 2061 1262 2086 se
1299 2046 1488 2087 tolerare
1517 2062 1604 2087 non

0 2097 96 2166 {⁶52st
116 2127 259 2167 posse,
292 2127 435 2167 neque
463 2117 611 2152 tantae
643 2112 848 2153 resistere
878 2112 1172 2164 multitudini,
1204 2114 1382 2155 locutus
1411 2120 1476 2155 est
1505 2131 1605 2155 cum

115 2179 381 2236 quibusdam
425 2179 699 2235 principibus
751 2179 825 2235 qui
874 2179 1141 2221 videbantur
1187 2198 1284 2223 esse
1334 2182 1417 2222 sibi
1457 2183 1602 2225 amici.

116 2247 323 2288 videlicet
356 2262 457 2287 cum
488 2246 694 2298 Arnulfo,
729 2247 804 2303 qui
835 2247 929 2303 ejus
961 2264 1172 2302 sororem,
1213 2256 1256 2291 et
1292 2250 1494 2302 Iffddone,
1532 2251 1605 2306 qui

117 2315 297 2356 amitam
336 2315 476 2370 ipsius
518 2314 710 2355 habebat
744 2331 946 2367 uxorem,
985 2317 1063 2357 sed
1097 2322 1141 2358 et
1174 2333 1275 2358 cum
1314 2318 1602 2358 Ilerimanno.

117 2382 318 2425 Uddonis
356 2382 514 2432 fratre,
555 2382 773 2438 quaesivit
796 2383 849 2424 ab
881 2383 944 2424 eis
979 2384 1085 2440 quid
1113 2385 1197 2426 sibi
1223 2385 1333 2426 foret
1363 2386 1602 2441 agendum.

119 2450 204 2499 Qui
243 2451 329 2490 tale
367 2450 604 2490 consilium
635 2450 853 2492 dederunt
887 2451 941 2501 ei,
981 2457 1030 2493 ut
1063 2453 1348 2509 egrederetur
1381 2469 1480 2493 cum
1513 2453 1606 2493 suis

119 2523 162 2558 et
182 2517 453 2573 relinqueret
479 2517 650 2569 urbem,
685 2518 786 2574 quia
809 2518 854 2559 id
887 2519 1156 2575 dispositum
1192 2536 1214 2561 a
1244 2520 1425 2575 regibus
1447 2526 1539 2561 crat
1557 2526 1605 2561 ut

120 2585 387 2625 omnimodis
421 2585 765 2641 expellerentur,
802 2601 944 2643 neque
979 2587 1246 2629 intervenire
1283 2594 1465 2643 possent
1491 2589 1605 2643 apud

120 2668 244 2708 reges
278 2669 356 2709 pro
384 2653 496 2709 ipso,
533 2653 639 2710 quin
669 2659 928 2695 eruerentur
958 2655 996 2695 ei
1025 2655 1157 2708 oculi,
1194 2656 1229 2695 si
1255 2655 1410 2696 urbem
1441 2656 1481 2695 vi
1509 2656 1604 2712 capi
